3178 5200
458 1416 602 1502 §L

1563 945 1872 1015 CAPUT
1915 945 1973 1014 I.

783 1126 909 1194 DE
957 1123 1475 1192 VERBORUM
1519 1121 1863 1190 FORMIS
1908 1122 2030 1190 ΕΤ
2074 1122 2181 1191 VI
2226 1123 2352 1190 AB
2395 1122 2761 1191 HOMERI

1287 1238 1467 1308 USU
1512 1237 2252 1309 RECEDENTLBUS.

860 1415 1027 1484 Cum
1093 1415 1272 1504 apud
1337 1414 1701 1483 Homerum
1771 1436 1906 1484 non
1976 1436 2191 1503 pauca
2261 1414 2564 1504 legamus
2617 1418 2854 1501 verba,

685 1555 971 1622 quorum
1015 1532 1126 1600 vel
1170 1532 1552 1620 praesentis
1598 1531 1794 1599 modo
1841 1531 1952 1599 vel
1998 1531 2266 1613 aoristi,
2312 1535 2500 1601 certe
2541 1555 2678 1600 non
2722 1554 2856 1602 om-

683 1651 869 1717 nium
912 1653 1293 1737 temporum
1350 1648 1611 1717 formae
1675 1651 1972 1733 exstant,
2036 1671 2173 1716 non
2234 1648 2474 1717 mirum
2517 1648 2854 1735 videatur,

682 1767 868 1856 quod
929 1769 1171 1855 poetae
1224 1767 1342 1855 qui
1385 1766 1739 1836 Homerico
1803 1787 2110 1835 sermone
2171 1766 2279 1835 usi
2344 1769 2521 1851 sunt,
2591 1769 2856 1836 ceteras

685 1883 940 1952 formas
1008 1905 1334 1973 persaepe
1423 1883 1935 1972 suppleverunt.
2048 1883 2152 1951 Ac
2232 1883 2523 1972 primum
2588 1884 2858 1974 quidem

685 2001 930 2069 'aoristi
989 2000 1248 2068 formas
1307 2003 1706 2083 verborum,
1794 2022 2077 2090 quorum
2136 2001 2527 2089 praesentia
2587 2004 2860 2069 tantum

683 2117 893 2185 habet
934 2116 1286 2201 Homerus,
1333 2116 1738 2206 Apollonius
1784 2116 1985 2184 finxit
2027 2116 2188 2185 has:

860 2234 1164 2321 ἀθερίξαι
1193 2233 1250 2319 Ι,
1284 2234 1443 2318 123;
1490 2234 1586 2315 H,
1620 2235 1782 2320 4773
1832 2234 2185 2320 ἀθερίσσαι
2213 2232 2307 2318 II,
2339 2234 2489 2302 489.
2579 2233 2859 2303 Utram-

685 2372 815 2441 que
878 2350 1071 2418 huius
1120 2350 1291 2439 epici
1335 2351 1530 2419 verbi
1575 2350 1860 2419 formam
1923 2350 2378 2418 adhibuerunt
2423 2350 2862 2440 Apollonium

688 2466 905 2536 secuti
947 2467 1147 2535 Dion.
1195 2466 1348 2534 Per.
1398 2467 1525 2533 997
1573 2471 1647 2535 et
1691 2467 2008 2535 Manetho
2056 2467 2116 2551 2,
2163 2466 2313 2534 282.

860 2584 1139 2671 ἐλέηραν
1199 2584 1326 2670 IV,
1390 2585 1592 2672 1308;
1658 2584 1854 2655 verbi
1916 2584 2245 2672 ἐλεαίρειν
2306 2585 2607 2654 aoristus
2669 2584 2860 2654 nullo

685 2702 832 2770 loco
877 2702 1011 2771 nisi
1052 2702 1179 2771 hoc
1222 2702 1501 2791 legitur,
1549 2725 1698 2770 cum
1741 2703 1875 2769 iam
1919 2702 2252 2771 Homerus
2300 2705 2558 2770 ceteras
2604 2701 2861 2770 formas

687 2843 729 2889 a
773 2822 985 2888 verbo
1049 2819 1262 2886 ἐλεεῖν
1333 2842 1593 2908 semper
1656 2820 1917 2887 usitato
1988 2818 2331 2888 derivatas
2398 2819 2859 2908 usurpaverit.

689 2937 838 3020 Qua
866 2935 939 3003 in
968 2959 1044 3003 re
1076 2936 1167 3020 id,
1199 2936 1379 3025 quod
1411 2958 1611 3024 saepe
1640 2936 1789 3004 fieri
1819 2935 2012 3021 solet,
2061 2935 2398 3005 videmus:
2443 2935 2861 3004 imitatorem

688 3053 1008 3123 excedere
1054 3053 1447 3142 exemplum.

860 3169 1152 3266 ἐρύθηνε
1198 3170 1254 3255 Ι,
1303 3171 1467 3255 791;
1538 3169 1669 3254 III,
1720 3170 1885 3256 6823
1959 3170 2084 3255 IV,
2132 3171 2279 3237 474.
2394 3169 2582 3253 Quae
2648 3170 2864 3239 activi

684 3286 906 3355 forma
960 3286 1049 3355 ad
1092 3286 1289 3354 Hom.
1337 3286 1782 3373 ἐρυθαίνομαι
1828 3287 2190 3354 referenda
2251 3286 2601 3355 invenitur
2648 3287 2857 3377 Orph.

683 3403 857 3491 Arg.
890 3404 1021 3470 228
1064 3403 1216 3487 Ab„
1266 3426 1413 3471 cum
1456 3403 1746 3471 medium
1775 3403 1895 3471 alii
1925 3426 2188 3493 quoque
2233 3403 2404 3492 epici
2446 3403 2858 3473 recentiores

686 3520 1119 3588 adhibuerint
1163 3543 1284 3608 pro
1330 3520 1612 3589 usitatis
1660 3521 1893 3589 formis
1940 3524 2304 3590 verborum
2347 3521 2859 3608 ἐρυθραίνομαι,

685 3637 1048 3724 ἕρυθριάω,
1112 3636 1495 3724 ε’ρεύθομαι.
1591 3636 1758 3705 Cum
1818 3641 2043 3706 autem
2087 3637 2660 3707 Wilamowitzius
2703 3660 2857 3707 ver·

684 3756 842 3821 bum
874 3753 1182 3839 ἐρεύθειν
1214 3773 1256 3819 a
1286 3752 1697 3842 Bacchylide
1726 3753 1912 3842 (XII,
1950 3755 2074 3821 152
2106 3753 2629 3842 ἔρ>ευθε-αἵματι
2675 3755 2858 3841 γαῖα)

686 3873 758 3938 et
845 3869 1261 3958 Hippocrate
1350 3870 1459 3959 (de
1523 3871 1681 3938 mul.
1744 3872 1957 3938 morb.
2023 3871 2115 3956 ΙΙ,
2164 3871 2290 3939 302
2354 3874 2429 3938 τὸ
2493 3874 2856 3959 πρόσωπον

685 4143 821 4195 sum,
844 4141 1069 4181 numero
1096 4124 1353 4181 afferam:
1393 4127 1663 4197 Stephani
1681 4126 2055 4196 Thesaurum;
2090 4127 2164 4181 M.
2185 4124 2646 4196 Konstantinidis,
2683 4121 2856 4195 Μέγα

684 4225 925 4293 Λεξικὸν
960 4232 1058 4296 τῆς
1075 4224 1405 4296 Ἑλληνικῆς
1429 4226 1689 4295 γλώσσης,
1730 4226 1962 4282 Athenis
1992 4229 2373 4296 1901—19073
2412 4226 2607 4283 Veitch
2620 4269 2634 4297 ,
2673 4227 2856 4283 Greek

683 4328 845 4389 verbs
879 4328 1155 4403 irregular
1192 4326 1303 4384 and
1339 4326 1623 4387 defective.
1663 4326 1790 4387 Oxf.
1832 4331 1985 4386 1879.
