3178 5200
627 656 1122 728 cognoscamus,
1152 639 1225 705 in
1253 636 1605 727 Apollonii
1633 635 1938 706 versibus
1968 634 2442 721 inveniuntur3
2472 634 2801 703 nonnulla

626 755 1281 846 iambographomm,
1330 754 1574 844 quippe
1599 775 1880 843 quorum
1925 775 2138 821 sermo
2184 773 2394 841 prope
2423 750 2513 819 ad
2541 750 2802 841 epicum

628 872 938 942 accedat:
1001 870 1399 940 Archilochi
1457 872 1668 939 verba
1725 869 1808 937 fr.
1858 870 1944 937 78
1988 871 2245 936 πολλὸν
2289 866 2363 936 δὲ
2410 870 2628 936 πίνων
2690 867 2801 937 καὶ

627 992 1027 1078 χαλίκρητον
1083 987 1264 1073 μέθυ
1320 985 1674 1075 Apollonii
1730 984 2112 1054 imitatione
2173 984 2510 1072 effingunt
2567 984 2623 1069 I,
2670 985 2800 1053 473

632 1118 783 1172 πῖνε
842 1109 1241 1192 χαλίκρητον
1300 1105 1510 1189 λαρὸν
1569 1101 1779 1188 μέθη
1851 1104 2059 1189 atque
2120 1100 2210 1168 ad
2270 1100 2368 1184 H,
2418 1101 2544 1168 127
2607 1100 2796 1168 πολλ’

629 1222 1267 1308 ἐπιπαμφαλόωντες
1331 1217 1536 1287 schol.
1601 1218 1755 1287 Par.
1797 1209 2309 1287 ‘animadvertit
2369 1217 2679 1305 κέχρηται
2720 1227 2803 1306 τῇ

628 1337 800 1417 λέξει
844 1335 954 1402 καὶ
1000 1333 1320 1414 Ἱππῶναξ
1366 1333 1476 1400 καὶ
1525 1332 1937 1420 Ἀνακρέων.

804 1451 1122 1522 Ceterum
1164 1450 1337 1519 talia
1381 1450 1707 1534 invenire,
1755 1471 1927 1539 quae
1972 1471 2055 1518 ex
2100 1448 2472 1537 lyricorum
2503 1448 2616 1518 vel
2657 1451 2802 1519 tra·

629 1570 931 1658 gicorum
961 1569 1184 1637 verbis
1217 1570 1485 1656 sumpta
1516 1589 1663 1635 esse
1707 1589 1833 1656 pro
1865 1569 2053 1635 certo
2100 1566 2518 1655 comprobari
2548 1569 2800 1656 potest,

629 1685 907 1755 difficile
939 1689 1064 1767 est,
1097 1685 1255 1774 quia
1282 1684 1414 1753 etsi
1440 1683 1785 1773 permulta
1811 1683 2057 1752 similia
2084 1683 2541 1773 reperiuntur,
2573 1686 2803 1752 tamen

629 1806 753 1872 aut
795 1806 1155 1892 poetarum
1222 1802 1544 1870 sermonis
1610 1801 1982 1870 communia
2000 1801 2049 1889 ¹)
2093 1799 2305 1870 fuisse
2368 1799 2804 1870 statuendum

633 1924 760 2005 est,
808 1922 931 1988 aut
971 1941 1110 1988 una
1155 1941 1239 1987 ex
1285 1919 1543 2008 origine
1589 1921 1746 1986 orta
1790 1941 1935 1986 esse
1982 1917 2145 2007 quin
2188 1916 2533 1986 credamus
2578 1917 2804 1987 facere

628 2058 764 2104 non
806 2058 1180 2125 possumus.
1268 2036 1443 2104 Rem
1486 2036 1665 2103 enim
1706 2034 1810 2103 ita
1868 2057 1941 2103 se
2001 2033 2253 2103 habere
2295 2035 2368 2103 in
2413 2057 2577 2104 voce
2621 2039 2803 2121 περί-

631 2155 880 2241 δρομος
944 2177 1067 2242 pro
1136 2155 1324 2221 certo
1411 2174 1681 2237 sumam,
1763 2175 1936 2242 quae
2001 2152 2234 2221 eadem
2312 2152 2803 2240 significatione

629 2270 905 2360 passiva
948 2308 1033 2319 ——
1077 2269 1290 2338 habet
1351 2269 1527 2337 enim
1592 2270 1799 2357 alias;
1875 2270 1959 2338 cf.
2006 2277 2070 2337 E
2109 2271 2257 2355 726,
2307 2270 2467 2357 7285
2536 2274 2593 2336 Β
2637 2270 2798 2359 8123

630 2387 931 2475 Theogn.
977 2388 1105 2454 581
1226 2425 1256 2436 -
1317 2386 1558 2455 induta
1620 2390 1848 2456 exstat
1915 2388 2075 2456 Eur.
2139 2387 2227 2455 fr.
2294 2387 2463 2480 1083
2487 2386 2554 2456 N
2611 2391 2805 2473 κοίλη

629 2506 757 2592 γὰρ
823 2507 1007 2590 ὄρεσι
1072 2506 1477 2592 περίδρομος
1535 2507 1805 2592 τραχεῖά
1851 2530 1920 2573 τε
1983 2505 2099 2594 (sc.
2146 2503 2327 2593 γαῖα)
2373 2507 2445 2572 et
2486 2502 2620 2594 Ap.
2667 2503 2800 2588 III,

631 2623 802 2690 1085
848 2623 1252 2708 περίδρομος
1295 2624 1523 2709 οὔρεσι
1569 2635 1743 2708 γαῖα.

806 2738 1062 2823 Quibus
1126 2739 1447 2827 exemplis
1509 2741 1846 2828 congestis
1891 2742 2059 2828 quot
2119 2742 2355 2828 poetas
2400 2739 2803 2829 Apollonius

628 2856 938 2924 imitatus
984 2856 1095 2941 sit,
1161 2856 1287 2924 hoc
1332 2859 1455 2940 est,
1521 2861 1688 2946 quot
1732 2857 1821 2925 ad
1862 2860 2104 2946 poetas
2152 2857 2378 2925 studia
2421 2856 2605 2926 illius
2651 2881 2802 2948 per-

628 2973 986 3057 tinuerint,
1046 2974 1353 3061 cognosci
1408 2978 1658 3064 potest.
1752 2974 2005 3043 Tamen
2049 2973 2315 3043 etiamsi
2357 2974 2560 3064 plura
2604 2997 2804 3063 quam

628 3113 749 3158 nos
794 3089 1078 3177 legimus
1124 3090 1512 3178 fragmenta
1568 3114 1861 3180 poeseos.
1895 3090 2201 3161 Graecae
2242 3091 2511 3160 tradita
2554 3101 2801 3177 essent,

627 3229 987 3296 numquam
1017 3206 1143 3276 hac
1167 3208 1281 3276 via
1312 3207 1486 3276 illud
1531 3208 1970 3292 efficeremus,
2016 3208 2088 3276 id
2131 3208 2310 3296 quod
2354 3211 2463 3277 est
2506 3208 2800 3278 efficien-

630 3324 787 3392 dum
849 3323 932 3392 de
995 3323 1371 3393 elocutione
1417 3330 1662 3413 poetae
1708 3325 1988 3394 alicuius
2035 3326 2206 3413 epici
2268 3325 2650 3410 disserenti,
2719 3329 2803 3396 ut

629 3440 1257 3526 demonstraremus,
1307 3442 1636 3531 quomodo
1668 3442 1812 3531 ipse
1842 3446 2048 3531 poeta
2079 3444 2333 3532 epicam
2375 3442 2566 3511 illam
2608 3442 2802 3512 here-

629 3558 849 3626 ditate
914 3561 1260 3647 acceptam
1303 3559 1748 3628 elocutionem
1800 3560 2338 3645 commutaverit,
2414 3559 2797 3646 novaverit,

625 3674 974 3744 ditaverit.
1068 3676 1481 3764 Quicumque
1547 3677 1724 3744 enim
1787 3698 2057 3766 operam
2102 3677 2225 3745 dat
2270 3682 2350 3746 ut
2395 3680 2673 3747 vetusta
2726 3682 2800 3748 et

627 3791 851 3860 aliena
909 3814 951 3860 a
1010 3791 1349 3861 cotidiano
1426 3815 1729 3861 sermone
1809 3789 2187 3863 elocutione
2255 3795 2328 3862 in
2388 3794 2795 3863 carminibus

628 3910 994 3978 scribendis
1059 3914 1323 3996 utatur,
1401 3909 1625 3980 facere
1697 3934 1832 3980 non
1905 3914 2154 4000 potest,
2239 3911 2402 4000 quin
2466 3895 2798 3982 traditam

809 4182 863 4251 1)
902 4196 947 4236 e.
985 4196 1066 4249 gr.
1106 4196 1212 4235 vox
1250 4180 1549 4244 καλλίνικος
1586 4182 1722 4237 Eur.
1752 4182 1867 4238 Alc.
1892 4184 2014 4251 589,
2054 4180 2200 4237 Med.
2238 4184 2375 4253 8353
2410 4183 2516 4252 Ap.
2554 4182 2599 4251 1,
2629 4184 2796 4253 12283

625 4283 845 4338 minime
894 4280 1038 4337 enim
1087 4281 1409 4339 imitationis
1467 4284 1703 4353 speciem
1758 4299 1895 4354 prae
1950 4299 2011 4340 se
2068 4282 2195 4340 fert.
2271 4282 2393 4352 Qua
2427 4282 2497 4339 de
2532 4299 2597 4340 re
2633 4283 2797 4354 plura

623 4382 773 4442 infra
807 4400 868 4454 p.
902 4385 973 4438 48
992 4397 1036 4439 s.
