<?xml version="1.0" encoding="UTF-8"?>
<!DOCTYPE html PUBLIC "-//W3C//DTD XHTML 1.0 Transitional//EN"
    "http://www.w3.org/TR/xhtml1/DTD/xhtml1-transitional.dtd">
<html xmlns="http://www.w3.org/1999/xhtml" xml:lang="en" lang="en">
 <head>
  <title>
</title>
<meta http-equiv="Content-Type" content="text/html;charset=utf-8" />
  <meta name='ocr-system' content='tesseract 3.04.00' />
  <meta name='ocr-capabilities' content='ocr_page ocr_carea ocr_par ocr_line ocrx_word'/>
</head>
<body>
  <div class='ocr_page' id='page_1' title='image "./deapolloniirhod02boesgoog_0062.png"; bbox 0 0 3178 5200; ppageno 0'>
   <div class='ocr_carea' id='block_1_1' title="bbox 1763 388 1850 456">
    <p class='ocr_par' dir='ltr' id='par_1_1' title="bbox 1763 388 1850 456">
     <span class='ocr_line' id='line_1_1' title="bbox 1763 388 1850 456; baseline 0 0"><span class='ocrx_word' id='word_1_1' title='bbox 1763 388 1850 456; x_wconf 80' lang='lat'><strong>54</strong></span> 
     </span>
    </p>
   </div>
   <div class='ocr_carea' id='block_1_2' title="bbox 491 560 2898 3934">
    <p class='ocr_par' dir='ltr' id='par_1_2' title="bbox 724 560 2891 768">
     <span class='ocr_line' id='line_1_2' title="bbox 724 560 2891 653; baseline -0.001 -19"><span class='ocrx_word' id='word_1_2' title='bbox 724 560 957 634; x_wconf 80' lang='lat' dir='ltr'><strong>corum&#39;</strong></span> <span class='ocrx_word' id='word_1_3' title='bbox 999 563 1390 653; x_wconf 79' lang='lat' dir='ltr'><strong>exemplum,</strong></span> <span class='ocrx_word' id='word_1_4' title='bbox 1437 564 1554 653; x_wconf 71' lang='lat' dir='ltr'><strong>qui</strong></span> <span class='ocrx_word' id='word_1_5' title='bbox 1578 562 1971 650; x_wconf 78' lang='grc' dir='ltr'><strong><em>’ἀγριόωντα</em></strong></span> <span class='ocrx_word' id='word_1_6' title='bbox 2013 562 2109 648; x_wconf 90' lang='grc' dir='ltr'><strong>Π,</strong></span> <span class='ocrx_word' id='word_1_7' title='bbox 2155 563 2277 649; x_wconf 82' lang='lat'><strong>49,</strong></span> <span class='ocrx_word' id='word_1_8' title='bbox 2347 561 2735 653; x_wconf 75' lang='grc' dir='ltr'><strong><em>ἅὶρρίόωντα</em></strong></span> <span class='ocrx_word' id='word_1_9' title='bbox 2793 563 2891 650; x_wconf 92' lang='grc' dir='ltr'><strong>Π,</strong></span> 
     </span>
     <span class='ocr_line' id='line_1_3' title="bbox 724 679 1949 768; baseline -0.001 -20"><span class='ocrx_word' id='word_1_10' title='bbox 724 682 871 766; x_wconf 80' lang='grc'><strong>437,</strong></span> <span class='ocrx_word' id='word_1_11' title='bbox 919 684 1338 768; x_wconf 79' lang='grc' dir='ltr'><strong><em>γαληνιόωσα</em></strong></span> <span class='ocrx_word' id='word_1_12' title='bbox 1382 680 1438 766; x_wconf 88' lang='lat' dir='ltr'><strong>I,</strong></span> <span class='ocrx_word' id='word_1_13' title='bbox 1471 681 1599 748; x_wconf 83' lang='lat'><strong>115</strong></span> <span class='ocrx_word' id='word_1_14' title='bbox 1645 679 1949 750; x_wconf 75' lang='lat' dir='ltr'><strong>novavit.</strong></span> 
     </span>
    </p>

    <p class='ocr_par' dir='ltr' id='par_1_3' title="bbox 722 796 2893 1122">
     <span class='ocr_line' id='line_1_4' title="bbox 896 796 2893 887; baseline -0.001 -20"><span class='ocrx_word' id='word_1_15' title='bbox 896 797 1117 868; x_wconf 81' lang='lat' dir='ltr'><strong>Arato</strong></span> <span class='ocrx_word' id='word_1_16' title='bbox 1157 797 1533 887; x_wconf 86' lang='lat' dir='ltr'><strong>ceterisque</strong></span> <span class='ocrx_word' id='word_1_17' title='bbox 1575 796 1763 866; x_wconf 89' lang='lat' dir='ltr'><strong>illius</strong></span> <span class='ocrx_word' id='word_1_18' title='bbox 1795 796 2046 866; x_wconf 86' lang='lat' dir='ltr'><strong>aetatis</strong></span> <span class='ocrx_word' id='word_1_19' title='bbox 2092 818 2433 866; x_wconf 85' lang='lat' dir='ltr'><strong>commuue</strong></span> <span class='ocrx_word' id='word_1_20' title='bbox 2475 799 2583 866; x_wconf 89' lang='lat' dir='ltr'><strong>est</strong></span> <span class='ocrx_word' id='word_1_21' title='bbox 2612 798 2893 866; x_wconf 89' lang='lat' dir='ltr'><strong>verbum</strong></span> 
     </span>
     <span class='ocr_line' id='line_1_5' title="bbox 722 912 2890 1003; baseline 0 -21"><span class='ocrx_word' id='word_1_22' title='bbox 722 914 1033 1001; x_wconf 74' lang='grc' dir='ltr'><strong><em>ὑδέομαιε</em></strong></span> <span class='ocrx_word' id='word_1_23' title='bbox 1088 915 1288 983; x_wconf 89' lang='lat' dir='ltr'><strong>Arat.</strong></span> <span class='ocrx_word' id='word_1_24' title='bbox 1336 915 1496 1000; x_wconf 79' lang='lat'><strong>2573</strong></span> <span class='ocrx_word' id='word_1_25' title='bbox 1560 913 1732 981; x_wconf 85' lang='lat' dir='ltr'><strong>Call.</strong></span> <span class='ocrx_word' id='word_1_26' title='bbox 1779 913 1833 998; x_wconf 94' lang='grc' dir='ltr'><strong>Ι,</strong></span> <span class='ocrx_word' id='word_1_27' title='bbox 1866 915 1982 998; x_wconf 84' lang='grc'><strong>76;</strong></span> <span class='ocrx_word' id='word_1_28' title='bbox 2028 913 2162 1003; x_wconf 87' lang='lat' dir='ltr'><strong>Ap.</strong></span> <span class='ocrx_word' id='word_1_29' title='bbox 2210 912 2303 997; x_wconf 88' lang='grc' dir='ltr'><strong>ΙΙ,</strong></span> <span class='ocrx_word' id='word_1_30' title='bbox 2351 913 2512 1001; x_wconf 69' lang='grc'><strong>528,</strong></span> <span class='ocrx_word' id='word_1_31' title='bbox 2560 912 2681 1000; x_wconf 91' lang='lat' dir='ltr'><strong>IV,</strong></span> <span class='ocrx_word' id='word_1_32' title='bbox 2731 914 2890 1001; x_wconf 79' lang='lat'><strong>264;</strong></span> 
     </span>
     <span class='ocr_line' id='line_1_6' title="bbox 723 1031 2890 1122; baseline 0 -22"><span class='ocrx_word' id='word_1_33' title='bbox 723 1031 892 1117; x_wconf 69' lang='lat' dir='ltr'><strong>Nic„</strong></span> <span class='ocrx_word' id='word_1_34' title='bbox 940 1031 1120 1122; x_wconf 88' lang='lat' dir='ltr'><strong>quod</strong></span> <span class='ocrx_word' id='word_1_35' title='bbox 1164 1031 1337 1100; x_wconf 87' lang='lat' dir='ltr'><strong>uude</strong></span> <span class='ocrx_word' id='word_1_36' title='bbox 1383 1031 1816 1121; x_wconf 86' lang='lat' dir='ltr'><strong>sumpserint,</strong></span> <span class='ocrx_word' id='word_1_37' title='bbox 1863 1031 2246 1120; x_wconf 79' lang='lat' dir='ltr'>perspicere</span> <span class='ocrx_word' id='word_1_38' title='bbox 2274 1054 2409 1100; x_wconf 88' lang='lat' dir='ltr'><strong>non</strong></span> <span class='ocrx_word' id='word_1_39' title='bbox 2451 1054 2803 1121; x_wconf 87' lang='lat' dir='ltr'><strong>possumus</strong></span> <span class='ocrx_word' id='word_1_40' title='bbox 2822 1031 2890 1121; x_wconf 86' lang='lat'><strong>¹).</strong></span> 
     </span>
    </p>

    <p class='ocr_par' dir='ltr' id='par_1_4' title="bbox 718 1147 2894 2271">
     <span class='ocr_line' id='line_1_7' title="bbox 897 1147 2893 1237; baseline 0.001 -21"><span class='ocrx_word' id='word_1_41' title='bbox 897 1148 1101 1237; x_wconf 86' lang='lat' dir='ltr'>Apud</span> <span class='ocrx_word' id='word_1_42' title='bbox 1156 1147 1674 1237; x_wconf 87' lang='lat' dir='ltr'><strong>Lycophronem</strong></span> <span class='ocrx_word' id='word_1_43' title='bbox 1731 1148 2161 1236; x_wconf 79' lang='lat' dir='ltr'><strong>Aratumque</strong></span> <span class='ocrx_word' id='word_1_44' title='bbox 2229 1147 2481 1237; x_wconf 88' lang='lat' dir='ltr'><strong>primos</strong></span> <span class='ocrx_word' id='word_1_45' title='bbox 2548 1147 2893 1218; x_wconf 84' lang='lat' dir='ltr'><strong>invenitur</strong></span> 
     </span>
     <span class='ocr_line' id='line_1_8' title="bbox 722 1265 2890 1354; baseline 0 -20"><span class='ocrx_word' id='word_1_46' title='bbox 722 1286 857 1334; x_wconf 84' lang='lat' dir='ltr'><strong>vox</strong></span> <span class='ocrx_word' id='word_1_47' title='bbox 918 1265 1160 1335; x_wconf 73' lang='grc' dir='ltr'><strong><em>’ὀτλέωε</em></strong></span> <span class='ocrx_word' id='word_1_48' title='bbox 1230 1265 1396 1354; x_wconf 87' lang='lat' dir='ltr'><strong>Lyc.</strong></span> <span class='ocrx_word' id='word_1_49' title='bbox 1442 1265 1573 1333; x_wconf 88' lang='grc'><strong>819</strong></span> <span class='ocrx_word' id='word_1_50' title='bbox 1642 1277 1880 1352; x_wconf 74' lang='grc' dir='ltr'><strong><em>πεῖραν</em></strong></span> <span class='ocrx_word' id='word_1_51' title='bbox 1947 1266 2216 1351; x_wconf 78' lang='grc' dir='ltr'><strong><em>ὀτλῆσαι</em></strong></span> <span class='ocrx_word' id='word_1_52' title='bbox 2280 1277 2517 1350; x_wconf 80' lang='grc' dir='ltr'><strong><em>κακῶν,</em></strong></span> <span class='ocrx_word' id='word_1_53' title='bbox 2592 1265 2717 1334; x_wconf 83' lang='lat' dir='ltr'><strong>Ar.</strong></span> <span class='ocrx_word' id='word_1_54' title='bbox 2762 1266 2890 1354; x_wconf 84' lang='grc'><strong>428</strong></span> 
     </span>
     <span class='ocr_line' id='line_1_9' title="bbox 721 1381 2888 1472; baseline 0.001 -22"><span class='ocrx_word' id='word_1_55' title='bbox 721 1384 935 1452; x_wconf 79' lang='grc' dir='ltr'><strong><em>πολλὰ</em></strong></span> <span class='ocrx_word' id='word_1_56' title='bbox 962 1382 1108 1469; x_wconf 80' lang='grc' dir='ltr'><strong><em>μαλ’</em></strong></span> <span class='ocrx_word' id='word_1_57' title='bbox 1145 1383 1570 1468; x_wconf 72' lang='grc' dir='ltr'><strong><em>ὀτλήσαντεςς</em></strong></span> <span class='ocrx_word' id='word_1_58' title='bbox 1619 1402 1833 1471; x_wconf 85' lang='lat' dir='ltr'><strong>neque</strong></span> <span class='ocrx_word' id='word_1_59' title='bbox 1864 1381 2138 1449; x_wconf 89' lang='lat' dir='ltr'><strong>dubium</strong></span> <span class='ocrx_word' id='word_1_60' title='bbox 2166 1384 2294 1467; x_wconf 88' lang='lat' dir='ltr'><strong>est,</strong></span> <span class='ocrx_word' id='word_1_61' title='bbox 2334 1381 2496 1471; x_wconf 87' lang='lat' dir='ltr'><strong>quin</strong></span> <span class='ocrx_word' id='word_1_62' title='bbox 2526 1381 2888 1472; x_wconf 77' lang='lat' dir='ltr'><strong>Lycophro</strong></span> 
     </span>
     <span class='ocr_line' id='line_1_10' title="bbox 718 1498 2891 1588; baseline 0 -21"><span class='ocrx_word' id='word_1_63' title='bbox 718 1498 916 1567; x_wconf 91' lang='lat' dir='ltr'><strong>huius</strong></span> <span class='ocrx_word' id='word_1_64' title='bbox 983 1499 1179 1566; x_wconf 88' lang='lat' dir='ltr'><strong>verbi</strong></span> <span class='ocrx_word' id='word_1_65' title='bbox 1252 1505 1492 1566; x_wconf 82' lang='lat' dir='ltr'>auctor</span> <span class='ocrx_word' id='word_1_66' title='bbox 1567 1499 1693 1581; x_wconf 85' lang='lat' dir='ltr'><strong>sit,</strong></span> <span class='ocrx_word' id='word_1_67' title='bbox 1771 1521 1966 1588; x_wconf 86' lang='lat' dir='ltr'><strong>quem</strong></span> <span class='ocrx_word' id='word_1_68' title='bbox 2039 1498 2457 1586; x_wconf 74' lang='lat' dir='ltr'>tragicorum</span> <span class='ocrx_word' id='word_1_69' title='bbox 2519 1520 2891 1569; x_wconf 88' lang='lat' dir='ltr'><strong>sermonem</strong></span> 
     </span>
     <span class='ocr_line' id='line_1_11' title="bbox 721 1615 2891 1705; baseline 0 -21"><span class='ocrx_word' id='word_1_70' title='bbox 721 1616 1106 1705; x_wconf 88' lang='lat' dir='ltr'><strong>saepissime</strong></span> <span class='ocrx_word' id='word_1_71' title='bbox 1151 1622 1453 1684; x_wconf 90' lang='lat' dir='ltr'><strong>secutum</strong></span> <span class='ocrx_word' id='word_1_72' title='bbox 1497 1637 1642 1684; x_wconf 91' lang='lat' dir='ltr'><strong>esse</strong></span> <span class='ocrx_word' id='word_1_73' title='bbox 1688 1615 1965 1702; x_wconf 76' lang='lat' dir='ltr'><strong>scimuS,</strong></span> <span class='ocrx_word' id='word_1_74' title='bbox 1951 1640 1965 1659; x_wconf 88' lang='grc'><em>·</em></span> <span class='ocrx_word' id='word_1_75' title='bbox 2022 1618 2254 1686; x_wconf 72' lang='lat' dir='ltr'><strong>exstat</strong></span> <span class='ocrx_word' id='word_1_76' title='bbox 2298 1616 2474 1685; x_wconf 89' lang='lat' dir='ltr'><strong>euim</strong></span> <span class='ocrx_word' id='word_1_77' title='bbox 2518 1640 2653 1685; x_wconf 84' lang='lat' dir='ltr'><strong>vox</strong></span> <span class='ocrx_word' id='word_1_78' title='bbox 2698 1618 2891 1697; x_wconf 75' lang='grc' dir='ltr'><strong><em>ὄτλος</em></strong></span> 
     </span>
     <span class='ocr_line' id='line_1_12' title="bbox 721 1731 2893 1824; baseline 0.001 -23"><span class='ocrx_word' id='word_1_79' title='bbox 721 1732 900 1823; x_wconf 89' lang='lat' dir='ltr'><strong>apud</strong></span> <span class='ocrx_word' id='word_1_80' title='bbox 927 1731 1343 1822; x_wconf 79' lang='lat' dir='ltr'><strong>Aeschylum</strong></span> <span class='ocrx_word' id='word_1_81' title='bbox 1387 1731 1571 1823; x_wconf 84' lang='lat' dir='ltr'><strong>Sept.</strong></span> <span class='ocrx_word' id='word_1_82' title='bbox 1609 1732 1693 1801; x_wconf 82' lang='lat'><strong>18</strong></span> <span class='ocrx_word' id='word_1_83' title='bbox 1738 1737 1810 1802; x_wconf 85' lang='lat' dir='ltr'><strong>et</strong></span> <span class='ocrx_word' id='word_1_84' title='bbox 1856 1731 2252 1821; x_wconf 79' lang='lat' dir='ltr'>Sophoclem</span> <span class='ocrx_word' id='word_1_85' title='bbox 2300 1732 2543 1801; x_wconf 84' lang='lat' dir='ltr'><strong>Trach.</strong></span> <span class='ocrx_word' id='word_1_86' title='bbox 2572 1735 2647 1821; x_wconf 81' lang='lat'><strong>&#39;73</strong></span> <span class='ocrx_word' id='word_1_87' title='bbox 2698 1757 2893 1824; x_wconf 89' lang='lat' dir='ltr'><strong>quem</strong></span> 
     </span>
     <span class='ocr_line' id='line_1_13' title="bbox 720 1846 2894 1937; baseline 0.001 -20"><span class='ocrx_word' id='word_1_88' title='bbox 720 1850 808 1917; x_wconf 85' lang='lat' dir='ltr'><strong>ad</strong></span> <span class='ocrx_word' id='word_1_89' title='bbox 850 1846 1071 1918; x_wconf 90' lang='lat' dir='ltr'><strong>locum</strong></span> <span class='ocrx_word' id='word_1_90' title='bbox 1115 1849 1508 1918; x_wconf 71' lang='lat' dir='ltr'><strong>scholiastes</strong></span> <span class='ocrx_word' id='word_1_91' title='bbox 1570 1849 1831 1918; x_wconf 86' lang='lat' dir='ltr'><strong>indicat</strong></span> <span class='ocrx_word' id='word_1_92' title='bbox 1876 1849 2272 1917; x_wconf 74' lang='lat' dir='ltr'><strong>Callimachi</strong></span> <span class='ocrx_word' id='word_1_93' title='bbox 2333 1852 2563 1937; x_wconf 86' lang='lat' dir='ltr'><strong>verba,</strong></span> <span class='ocrx_word' id='word_1_94' title='bbox 2627 1850 2717 1921; x_wconf 85' lang='lat' dir='ltr'><strong>fr.</strong></span> <span class='ocrx_word' id='word_1_95' title='bbox 2762 1851 2894 1919; x_wconf 83' lang='lat'><strong>274</strong></span> 
     </span>
     <span class='ocr_line' id='line_1_14' title="bbox 719 1942 2892 2056; baseline 0.001 -23"><span class='ocrx_word' id='word_1_96' title='bbox 719 1968 953 2039; x_wconf 76' lang='grc' dir='ltr'><strong><em>κενεὸν</em></strong></span> <span class='ocrx_word' id='word_1_97' title='bbox 1006 1968 1220 2035; x_wconf 83' lang='grc' dir='ltr'><strong><em>πόνον</em></strong></span> <span class='ocrx_word' id='word_1_98' title='bbox 1278 1967 1693 2052; x_wconf 79' lang='grc' dir='ltr'><strong><em>ὀτλήσαντες.</em></strong></span> <span class='ocrx_word' id='word_1_99' title='bbox 1812 1966 1944 2055; x_wconf 90' lang='grc' dir='ltr'><strong>ΑΡ.</strong></span> <span class='ocrx_word' id='word_1_100' title='bbox 1997 1942 2354 2056; x_wconf 66' lang='lat' dir='ltr'><strong>usurpavit</strong></span> <span class='ocrx_word' id='word_1_101' title='bbox 2418 1966 2544 2036; x_wconf 86' lang='lat' dir='ltr'><strong>hoc</strong></span> <span class='ocrx_word' id='word_1_102' title='bbox 2611 1971 2892 2037; x_wconf 83' lang='lat' dir='ltr'><strong>verbum</strong></span> 
     </span>
     <span class='ocr_line' id='line_1_15' title="bbox 719 2070 2894 2168; baseline 0.001 -18"><span class='ocrx_word' id='word_1_103' title='bbox 719 2070 853 2167; x_wconf 92' lang='grc' dir='ltr'><strong>ΠΙ,</strong></span> <span class='ocrx_word' id='word_1_104' title='bbox 901 2083 1049 2168; x_wconf 88' lang='grc'><strong>769,</strong></span> <span class='ocrx_word' id='word_1_105' title='bbox 1110 2083 1237 2168; x_wconf 88' lang='lat' dir='ltr'><strong>IV,</strong></span> <span class='ocrx_word' id='word_1_106' title='bbox 1284 2083 1432 2168; x_wconf 83' lang='lat'><strong>381,</strong></span> <span class='ocrx_word' id='word_1_107' title='bbox 1483 2084 1672 2168; x_wconf 88' lang='grc'><strong>1227,</strong></span> <span class='ocrx_word' id='word_1_108' title='bbox 1740 2084 1964 2153; x_wconf 88' lang='lat' dir='ltr'><strong>nullas</strong></span> <span class='ocrx_word' id='word_1_109' title='bbox 2030 2084 2161 2151; x_wconf 85' lang='lat' dir='ltr'><strong>nisi</strong></span> <span class='ocrx_word' id='word_1_110' title='bbox 2229 2083 2471 2152; x_wconf 85' lang='lat' dir='ltr'><strong>aoristi</strong></span> <span class='ocrx_word' id='word_1_111' title='bbox 2533 2088 2607 2154; x_wconf 83' lang='lat' dir='ltr'><strong>et</strong></span> <span class='ocrx_word' id='word_1_112' title='bbox 2670 2085 2894 2154; x_wconf 85' lang='lat' dir='ltr'><strong>futuri</strong></span> 
     </span>
     <span class='ocr_line' id='line_1_16' title="bbox 719 2199 1359 2271; baseline 0.002 -5"><span class='ocrx_word' id='word_1_113' title='bbox 719 2200 971 2271; x_wconf 85' lang='lat' dir='ltr'><strong>formas</strong></span> <span class='ocrx_word' id='word_1_114' title='bbox 1017 2199 1359 2269; x_wconf 87' lang='lat' dir='ltr'><strong>adhibens.</strong></span> 
     </span>
    </p>

    <p class='ocr_par' dir='ltr' id='par_1_5' title="bbox 491 2317 2893 3324">
     <span class='ocr_line' id='line_1_17' title="bbox 491 2317 2891 2420; baseline 0.001 -35"><span class='ocrx_word' id='word_1_115' title='bbox 491 2336 530 2420; x_wconf 63' lang='lat' dir='ltr'>g</span> <span class='ocrx_word' id='word_1_116' title='bbox 575 2333 680 2401; x_wconf 73' lang='lat'><strong>21,</strong></span> <span class='ocrx_word' id='word_1_117' title='bbox 893 2318 1045 2386; x_wconf 92' lang='lat' dir='ltr'><strong>Duo</strong></span> <span class='ocrx_word' id='word_1_118' title='bbox 1091 2317 1322 2387; x_wconf 88' lang='lat' dir='ltr'><strong>inveni</strong></span> <span class='ocrx_word' id='word_1_119' title='bbox 1365 2319 1596 2399; x_wconf 85' lang='lat' dir='ltr'><strong>verba,</strong></span> <span class='ocrx_word' id='word_1_120' title='bbox 1665 2341 1837 2408; x_wconf 83' lang='lat' dir='ltr'><strong>quae</strong></span> <span class='ocrx_word' id='word_1_121' title='bbox 1882 2341 1925 2389; x_wconf 86' lang='lat' dir='ltr'><strong>a</strong></span> <span class='ocrx_word' id='word_1_122' title='bbox 1966 2318 2154 2386; x_wconf 88' lang='lat' dir='ltr'><strong>nullo</strong></span> <span class='ocrx_word' id='word_1_123' title='bbox 2215 2317 2348 2386; x_wconf 83' lang='lat' dir='ltr'><strong>nisi</strong></span> <span class='ocrx_word' id='word_1_124' title='bbox 2393 2340 2434 2387; x_wconf 91' lang='lat' dir='ltr'><strong>a</strong></span> <span class='ocrx_word' id='word_1_125' title='bbox 2481 2317 2891 2388; x_wconf 85' lang='lat' dir='ltr'><strong>Callimacho</strong></span> 
     </span>
     <span class='ocr_line' id='line_1_18' title="bbox 720 2434 2893 2525; baseline 0.001 -22"><span class='ocrx_word' id='word_1_126' title='bbox 720 2435 1185 2525; x_wconf 75' lang='lat' dir='ltr'><strong>etApollonio</strong></span> <span class='ocrx_word' id='word_1_127' title='bbox 1227 2437 1556 2525; x_wconf 83' lang='lat' dir='ltr'><strong>usurpata</strong></span> <span class='ocrx_word' id='word_1_128' title='bbox 1602 2459 1687 2504; x_wconf 88' lang='lat' dir='ltr'><strong>ex</strong></span> <span class='ocrx_word' id='word_1_129' title='bbox 1730 2435 1851 2502; x_wconf 89' lang='lat' dir='ltr'><strong>illo</strong></span> <span class='ocrx_word' id='word_1_130' title='bbox 1895 2435 2073 2504; x_wconf 88' lang='lat' dir='ltr'><strong>hunc</strong></span> <span class='ocrx_word' id='word_1_131' title='bbox 2118 2434 2483 2525; x_wconf 80' lang='lat' dir='ltr'><strong>sumpsisse</strong></span> <span class='ocrx_word' id='word_1_132' title='bbox 2521 2435 2893 2506; x_wconf 84' lang='lat' dir='ltr'><strong>verisimile</strong></span> 
     </span>
     <span class='ocr_line' id='line_1_19' title="bbox 720 2548 2893 2643; baseline 0 -22"><span class='ocrx_word' id='word_1_133' title='bbox 720 2555 861 2621; x_wconf 77' lang='lat' dir='ltr'><strong>est:</strong></span> <span class='ocrx_word' id='word_1_134' title='bbox 910 2551 1197 2639; x_wconf 76' lang='grc' dir='ltr'><strong><em>ἀερτάζω</em></strong></span> <span class='ocrx_word' id='word_1_135' title='bbox 1243 2548 1413 2621; x_wconf 82' lang='grc' dir='ltr'><strong>Ο3Π.</strong></span> <span class='ocrx_word' id='word_1_136' title='bbox 1463 2551 1547 2619; x_wconf 88' lang='lat' dir='ltr'><strong>fr.</strong></span> <span class='ocrx_word' id='word_1_137' title='bbox 1593 2551 1719 2620; x_wconf 88' lang='grc'><strong>211</strong></span> <span class='ocrx_word' id='word_1_138' title='bbox 1772 2550 1877 2641; x_wconf 86' lang='lat'><strong>(=</strong></span> <span class='ocrx_word' id='word_1_139' title='bbox 1912 2552 2118 2622; x_wconf 87' lang='lat' dir='ltr'><strong>schol.</strong></span> <span class='ocrx_word' id='word_1_140' title='bbox 2153 2552 2283 2643; x_wconf 90' lang='lat' dir='ltr'><strong>Ap.</strong></span> <span class='ocrx_word' id='word_1_141' title='bbox 2330 2552 2384 2638; x_wconf 89' lang='lat' dir='ltr'><strong>I,</strong></span> <span class='ocrx_word' id='word_1_142' title='bbox 2435 2551 2632 2642; x_wconf 81' lang='lat'>1243)</span> <span class='ocrx_word' id='word_1_143' title='bbox 2675 2555 2893 2641; x_wconf 80' lang='grc' dir='ltr'><strong><em>θηρὸς</em></strong></span> 
     </span>
     <span class='ocr_line' id='line_1_20' title="bbox 719 2669 2893 2759; baseline 0.001 -21"><span class='ocrx_word' id='word_1_144' title='bbox 719 2671 1052 2757; x_wconf 80' lang='grc' dir='ltr'><strong><em>ἀερτᾶζων</em></strong></span> <span class='ocrx_word' id='word_1_145' title='bbox 1083 2670 1289 2757; x_wconf 81' lang='grc' dir='ltr'><strong><em>δέρμα</em></strong></span> <span class='ocrx_word' id='word_1_146' title='bbox 1334 2694 1609 2757; x_wconf 85' lang='grc' dir='ltr'><strong><em>κατωμ</em></strong></span> <span class='ocrx_word' id='word_1_147' title='bbox 1631 2671 1729 2736; x_wconf 67' lang='lat' dir='ltr'><strong>oid</strong></span> <span class='ocrx_word' id='word_1_148' title='bbox 1747 2696 1770 2737; x_wconf 99' lang='grc' dir='ltr'><strong><em>ι</em></strong></span> <span class='ocrx_word' id='word_1_149' title='bbox 1794 2695 1918 2754; x_wconf 86' lang='grc' dir='ltr'><strong><em>ον;</em></strong></span> <span class='ocrx_word' id='word_1_150' title='bbox 1969 2693 2096 2759; x_wconf 93' lang='lat' dir='ltr'><strong>quo</strong></span> <span class='ocrx_word' id='word_1_151' title='bbox 2130 2693 2273 2737; x_wconf 90' lang='lat' dir='ltr'><strong>cum</strong></span> <span class='ocrx_word' id='word_1_152' title='bbox 2305 2669 2452 2739; x_wconf 92' lang='lat' dir='ltr'><strong>loco</strong></span> <span class='ocrx_word' id='word_1_153' title='bbox 2485 2670 2893 2741; x_wconf 81' lang='lat' dir='ltr'><strong>conferenda</strong></span> 
     </span>
     <span class='ocr_line' id='line_1_21' title="bbox 718 2785 2892 2877; baseline 0 -21"><span class='ocrx_word' id='word_1_154' title='bbox 718 2791 876 2856; x_wconf 87' lang='lat' dir='ltr'><strong>sunt</strong></span> <span class='ocrx_word' id='word_1_155' title='bbox 918 2791 1128 2857; x_wconf 87' lang='lat' dir='ltr'><strong>verba</strong></span> <span class='ocrx_word' id='word_1_156' title='bbox 1173 2786 1629 2877; x_wconf 88' lang='lat' dir='ltr'><strong>Apolloniana</strong></span> <span class='ocrx_word' id='word_1_157' title='bbox 1673 2788 1729 2873; x_wconf 94' lang='grc' dir='ltr'><strong>Ι,</strong></span> <span class='ocrx_word' id='word_1_158' title='bbox 1779 2788 1906 2855; x_wconf 85' lang='grc'><strong>738</strong></span> <span class='ocrx_word' id='word_1_159' title='bbox 1968 2793 2195 2874; x_wconf 80' lang='grc' dir='ltr'><strong><em>Ζῆθος</em></strong></span> <span class='ocrx_word' id='word_1_160' title='bbox 2259 2785 2383 2872; x_wconf 73' lang='grc' dir='ltr'><strong><em>μὲν</em></strong></span> <span class='ocrx_word' id='word_1_161' title='bbox 2442 2787 2892 2874; x_wconf 80' lang='grc' dir='ltr'><strong><em>ἐπωμαδὸν</em></strong></span> 
     </span>
     <span class='ocr_line' id='line_1_22' title="bbox 716 2904 2886 2993; baseline 0 -21"><span class='ocrx_word' id='word_1_162' title='bbox 716 2905 1023 2992; x_wconf 78' lang='grc' dir='ltr'><strong><em>ἠέρταζεν</em></strong></span> <span class='ocrx_word' id='word_1_163' title='bbox 1062 2905 1073 2993; x_wconf 88' lang='grc' dir='ltr'>Ι</span> <span class='ocrx_word' id='word_1_164' title='bbox 1114 2906 1349 2991; x_wconf 78' lang='grc' dir='ltr'><strong><em>οὔρεος</em></strong></span> <span class='ocrx_word' id='word_1_165' title='bbox 1393 2905 1733 2991; x_wconf 78' lang='grc' dir='ltr'><strong><em>ἣλιβάτοιο</em></strong></span> <span class='ocrx_word' id='word_1_166' title='bbox 1770 2906 1941 2991; x_wconf 77' lang='grc' dir='ltr'><strong><em>κάρη</em></strong></span> <span class='ocrx_word' id='word_1_167' title='bbox 1972 2905 2282 2991; x_wconf 83' lang='grc' dir='ltr'><strong><em>μογέοντι</em></strong></span> <span class='ocrx_word' id='word_1_168' title='bbox 2329 2904 2560 2984; x_wconf 79' lang='grc' dir='ltr'><strong><em>ἐοικώς</em></strong></span> <span class='ocrx_word' id='word_1_169' title='bbox 2600 2905 2689 2991; x_wconf 87' lang='grc' dir='ltr'><strong>(μ.</strong></span> <span class='ocrx_word' id='word_1_170' title='bbox 2720 2905 2769 2972; x_wconf 79' lang='grc' dir='ltr'><strong>ἐ.</strong></span> <span class='ocrx_word' id='word_1_171' title='bbox 2805 2937 2886 2963; x_wconf 91' lang='lat'><strong><em>=</em></strong></span> 
     </span>
     <span class='ocr_line' id='line_1_23' title="bbox 715 3018 2886 3110; baseline -0 -21"><span class='ocrx_word' id='word_1_172' title='bbox 715 3025 916 3090; x_wconf 83' lang='lat' dir='ltr'><strong>Arat.</strong></span> <span class='ocrx_word' id='word_1_173' title='bbox 966 3022 1110 3108; x_wconf 86' lang='lat'>63);</span> <span class='ocrx_word' id='word_1_174' title='bbox 1159 3023 1525 3102; x_wconf 73' lang='grc' dir='ltr'><strong><em>ὀδακτάζωε</em></strong></span> <span class='ocrx_word' id='word_1_175' title='bbox 1589 3018 1757 3090; x_wconf 87' lang='lat' dir='ltr'><strong>Call.</strong></span> <span class='ocrx_word' id='word_1_176' title='bbox 1794 3022 1920 3105; x_wconf 86' lang='lat' dir='ltr'><strong>IV,</strong></span> <span class='ocrx_word' id='word_1_177' title='bbox 1975 3022 2104 3088; x_wconf 83' lang='lat'><strong>322</strong></span> <span class='ocrx_word' id='word_1_178' title='bbox 2151 3020 2449 3108; x_wconf 78' lang='grc' dir='ltr'><strong><em>πρέμνον</em></strong></span> <span class='ocrx_word' id='word_1_179' title='bbox 2496 3023 2886 3110; x_wconf 79' lang='grc' dir='ltr'><strong><em>ὀδακτᾶσαι;</em></strong></span> 
     </span>
     <span class='ocr_line' id='line_1_24' title="bbox 715 3138 2888 3229; baseline -0 -22"><span class='ocrx_word' id='word_1_180' title='bbox 715 3138 848 3229; x_wconf 90' lang='grc' dir='ltr'><strong>ΑΡ.</strong></span> <span class='ocrx_word' id='word_1_181' title='bbox 894 3138 1021 3223; x_wconf 94' lang='lat' dir='ltr'><strong>IV,</strong></span> <span class='ocrx_word' id='word_1_182' title='bbox 1055 3138 1138 3207; x_wconf 81' lang='lat'><strong>16</strong></span> <span class='ocrx_word' id='word_1_183' title='bbox 1194 3140 1430 3226; x_wconf 79' lang='grc' dir='ltr'><strong><em>χαλινὰ</em></strong></span> <span class='ocrx_word' id='word_1_184' title='bbox 1469 3140 1479 3228; x_wconf 89' lang='grc' dir='ltr'>Ι</span> <span class='ocrx_word' id='word_1_185' title='bbox 1519 3138 1726 3225; x_wconf 80' lang='grc' dir='ltr'><strong><em>ἀμφὶς</em></strong></span> <span class='ocrx_word' id='word_1_186' title='bbox 1780 3140 2205 3222; x_wconf 77' lang='grc' dir='ltr'><strong><em>ὀδακτάζοντι</em></strong></span> <span class='ocrx_word' id='word_1_187' title='bbox 2251 3141 2690 3227; x_wconf 77' lang='grc' dir='ltr'><strong><em>παραβλήδην</em></strong></span> <span class='ocrx_word' id='word_1_188' title='bbox 2735 3163 2888 3227; x_wconf 89' lang='grc' dir='ltr'><strong><em>κρο-</em></strong></span> 
     </span>
     <span class='ocr_line' id='line_1_25' title="bbox 714 3256 994 3348; baseline -0.004 -24"><span class='ocrx_word' id='word_1_189' title='bbox 714 3256 994 3348; x_wconf 78' lang='grc' dir='ltr'><strong><em>τέονται.</em></strong></span> 
     </span>
    </p>

    <p class='ocr_par' dir='ltr' id='par_1_6' title="bbox 711 3373 2898 3934">
     <span class='ocr_line' id='line_1_26' title="bbox 891 3373 2885 3464; baseline 0.001 -21"><span class='ocrx_word' id='word_1_190' title='bbox 891 3373 1025 3443; x_wconf 86' lang='lat' dir='ltr'><strong>Sed</strong></span> <span class='ocrx_word' id='word_1_191' title='bbox 1066 3374 1515 3443; x_wconf 85' lang='lat' dir='ltr'><strong>imitationem</strong></span> <span class='ocrx_word' id='word_1_192' title='bbox 1548 3374 1942 3444; x_wconf 86' lang='lat' dir='ltr'><strong>Callimachi</strong></span> <span class='ocrx_word' id='word_1_193' title='bbox 1988 3398 2052 3442; x_wconf 87' lang='lat' dir='ltr'><strong>v.</strong></span> <span class='ocrx_word' id='word_1_194' title='bbox 2100 3377 2423 3460; x_wconf 82' lang='grc' dir='ltr'><strong><em>μηκύνειν</em></strong></span> <span class='ocrx_word' id='word_1_195' title='bbox 2470 3396 2732 3464; x_wconf 89' lang='lat' dir='ltr'><strong>quoque</strong></span> <span class='ocrx_word' id='word_1_196' title='bbox 2777 3375 2885 3444; x_wconf 80' lang='lat' dir='ltr'><strong>de-&#39;</strong></span> 
     </span>
     <span class='ocr_line' id='line_1_27' title="bbox 712 3490 2883 3579; baseline -0 -20"><span class='ocrx_word' id='word_1_197' title='bbox 712 3494 1095 3560; x_wconf 83' lang='lat' dir='ltr'><strong>monstrare</strong></span> <span class='ocrx_word' id='word_1_198' title='bbox 1125 3492 1430 3560; x_wconf 85' lang='lat' dir='ltr'><strong>videtur:</strong></span> <span class='ocrx_word' id='word_1_199' title='bbox 1481 3492 1650 3561; x_wconf 90' lang='lat' dir='ltr'><strong>Call.</strong></span> <span class='ocrx_word' id='word_1_200' title='bbox 1683 3492 1817 3577; x_wconf 92' lang='grc' dir='ltr'><strong>ΙΠ,</strong></span> <span class='ocrx_word' id='word_1_201' title='bbox 1853 3492 1980 3560; x_wconf 89' lang='grc'><strong>182</strong></span> <span class='ocrx_word' id='word_1_202' title='bbox 2025 3494 2105 3558; x_wconf 80' lang='grc' dir='ltr'><strong>τὰ</strong></span> <span class='ocrx_word' id='word_1_203' title='bbox 2137 3490 2211 3558; x_wconf 75' lang='grc' dir='ltr'><strong>δὲ</strong></span> <span class='ocrx_word' id='word_1_204' title='bbox 2241 3493 2417 3578; x_wconf 77' lang='grc' dir='ltr'><strong><em>φάεα</em></strong></span> <span class='ocrx_word' id='word_1_205' title='bbox 2444 3493 2883 3579; x_wconf 83' lang='grc' dir='ltr'><strong><em>μηκύνονται;</em></strong></span> 
     </span>
     <span class='ocr_line' id='line_1_28' title="bbox 712 3605 2886 3705; baseline 0 -28"><span class='ocrx_word' id='word_1_206' title='bbox 712 3610 845 3700; x_wconf 67' lang='grc' dir='ltr'><strong>ΑΡ.</strong></span> <span class='ocrx_word' id='word_1_207' title='bbox 893 3609 1015 3705; x_wconf 89' lang='lat' dir='ltr'><strong>IV,</strong></span> <span class='ocrx_word' id='word_1_208' title='bbox 1063 3609 1187 3677; x_wconf 87' lang='lat'><strong>961</strong></span> <span class='ocrx_word' id='word_1_209' title='bbox 1268 3610 1434 3696; x_wconf 84' lang='grc' dir='ltr'><strong><em>ὅσση</em></strong></span> <span class='ocrx_word' id='word_1_210' title='bbox 1497 3610 1554 3676; x_wconf 84' lang='grc' dir='ltr'><strong>δ’</strong></span> <span class='ocrx_word' id='word_1_211' title='bbox 1617 3612 1916 3695; x_wconf 85' lang='grc' dir='ltr'><strong><em>εἰαρινοῦ</em></strong></span> <span class='ocrx_word' id='word_1_212' title='bbox 1976 3611 2338 3697; x_wconf 82' lang='grc' dir='ltr'><strong><em>μηκύνεται</em></strong></span> <span class='ocrx_word' id='word_1_213' title='bbox 2401 3611 2647 3695; x_wconf 78' lang='grc' dir='ltr'><strong><em>ἤματος</em></strong></span> <span class='ocrx_word' id='word_1_214' title='bbox 2712 3605 2886 3680; x_wconf 84' lang='grc' dir='ltr'><strong><em>αἶσα.</em></strong></span> 
     </span>
     <span class='ocr_line' id='line_1_29' title="bbox 713 3726 2898 3817; baseline 0 -21"><span class='ocrx_word' id='word_1_215' title='bbox 713 3728 1064 3817; x_wconf 76' lang='lat' dir='ltr'><strong>(Activum</strong></span> <span class='ocrx_word' id='word_1_216' title='bbox 1108 3727 1231 3814; x_wconf 90' lang='lat' dir='ltr'><strong>IV,</strong></span> <span class='ocrx_word' id='word_1_217' title='bbox 1277 3728 1401 3795; x_wconf 84' lang='lat'><strong>151</strong></span> <span class='ocrx_word' id='word_1_218' title='bbox 1464 3730 1717 3814; x_wconf 83' lang='grc' dir='ltr'><strong><em>μήκυνε</em></strong></span> <span class='ocrx_word' id='word_1_219' title='bbox 1771 3726 1844 3794; x_wconf 76' lang='grc' dir='ltr'><strong>δὲ</strong></span> <span class='ocrx_word' id='word_1_220' title='bbox 1903 3730 2111 3814; x_wconf 84' lang='grc' dir='ltr'><strong><em>μύρια</em></strong></span> <span class='ocrx_word' id='word_1_221' title='bbox 2172 3729 2401 3814; x_wconf 78' lang='grc' dir='ltr'><strong><em>κύκλα,</em></strong></span> <span class='ocrx_word' id='word_1_222' title='bbox 2467 3726 2662 3797; x_wconf 78' lang='lat' dir='ltr'><strong>velut</strong></span> <span class='ocrx_word' id='word_1_223' title='bbox 2713 3728 2898 3799; x_wconf 70' lang='lat' dir='ltr'><strong>Hdt.</strong></span> 
     </span>
     <span class='ocr_line' id='line_1_30' title="bbox 711 3844 2882 3934; baseline 0 -21"><span class='ocrx_word' id='word_1_224' title='bbox 711 3846 807 3930; x_wconf 89' lang='lat' dir='ltr'><strong>II,</strong></span> <span class='ocrx_word' id='word_1_225' title='bbox 841 3845 925 3911; x_wconf 83' lang='lat'><strong>35</strong></span> <span class='ocrx_word' id='word_1_226' title='bbox 954 3845 1093 3933; x_wconf 83' lang='lat' dir='ltr'><strong>aL).</strong></span> <span class='ocrx_word' id='word_1_227' title='bbox 1182 3845 1421 3934; x_wconf 86' lang='lat' dir='ltr'><strong>Neque</strong></span> <span class='ocrx_word' id='word_1_228' title='bbox 1465 3845 1672 3912; x_wconf 86' lang='lat' dir='ltr'><strong>aliter</strong></span> <span class='ocrx_word' id='word_1_229' title='bbox 1717 3867 1827 3913; x_wconf 87' lang='lat' dir='ltr'><strong>res</strong></span> <span class='ocrx_word' id='word_1_230' title='bbox 1875 3867 1947 3913; x_wconf 89' lang='lat' dir='ltr'><strong>se</strong></span> <span class='ocrx_word' id='word_1_231' title='bbox 1994 3844 2242 3914; x_wconf 89' lang='lat' dir='ltr'><strong>habere</strong></span> <span class='ocrx_word' id='word_1_232' title='bbox 2285 3845 2357 3913; x_wconf 89' lang='lat' dir='ltr'><strong>in</strong></span> <span class='ocrx_word' id='word_1_233' title='bbox 2402 3868 2563 3914; x_wconf 89' lang='lat' dir='ltr'><strong>voce</strong></span> <span class='ocrx_word' id='word_1_234' title='bbox 2608 3848 2882 3934; x_wconf 80' lang='grc' dir='ltr'><strong><em>πηχύνω</em></strong></span> 
     </span>
    </p>
   </div>
   <div class='ocr_carea' id='block_1_3' title="bbox 712 3973 1125 3983">
    <p class='ocr_par' dir='ltr' id='par_1_7' title="bbox 712 3973 1125 3983">
     <span class='ocr_line' id='line_1_31' title="bbox 712 3973 1125 3983; baseline 0 1217"><span class='ocrx_word' id='word_1_235' title='bbox 712 3973 1125 3983; x_wconf 95' lang='lat' dir='ltr'><strong> </strong></span> 
     </span>
    </p>
   </div>
   <div class='ocr_carea' id='block_1_4' title="bbox 711 4007 2884 4402">
    <p class='ocr_par' dir='ltr' id='par_1_8' title="bbox 711 4007 2884 4402">
     <span class='ocr_line' id='line_1_32' title="bbox 827 4007 2884 4094; baseline 0.001 -17"><span class='ocrx_word' id='word_1_236' title='bbox 827 4089 831 4094; x_wconf 22' lang='lat' dir='ltr'>v</span> <span class='ocrx_word' id='word_1_237' title='bbox 894 4024 948 4093; x_wconf 93' lang='lat'><strong>1)</strong></span> <span class='ocrx_word' id='word_1_238' title='bbox 987 4023 1280 4092; x_wconf 84' lang='lat' dir='ltr'><strong>apparebit</strong></span> <span class='ocrx_word' id='word_1_239' title='bbox 1317 4039 1459 4092; x_wconf 85' lang='lat' dir='ltr'><strong>mox,</strong></span> <span class='ocrx_word' id='word_1_240' title='bbox 1509 4029 1570 4078; x_wconf 90' lang='lat' dir='ltr'><strong>ut</strong></span> <span class='ocrx_word' id='word_1_241' title='bbox 1607 4023 2059 4079; x_wconf 85' lang='lat' dir='ltr'><strong>Wilamowitzius</strong></span> <span class='ocrx_word' id='word_1_242' title='bbox 2100 4022 2399 4092; x_wconf 84' lang='lat' dir='ltr'><strong>adnotavit,</strong></span> <span class='ocrx_word' id='word_1_243' title='bbox 2449 4039 2518 4078; x_wconf 86' lang='lat' dir='ltr'><strong>ex</strong></span> <span class='ocrx_word' id='word_1_244' title='bbox 2551 4007 2884 4080; x_wconf 66' lang='lat' dir='ltr'><strong>⁸coniectura</strong></span> 
     </span>
     <span class='ocr_line' id='line_1_33' title="bbox 712 4122 2881 4196; baseline 0 -17"><span class='ocrx_word' id='word_1_245' title='bbox 712 4124 1022 4180; x_wconf 85' lang='lat' dir='ltr'><strong>certissima</strong></span> <span class='ocrx_word' id='word_1_246' title='bbox 1055 4123 1112 4178; x_wconf 89' lang='lat' dir='ltr'><strong>in</strong></span> <span class='ocrx_word' id='word_1_247' title='bbox 1150 4123 1433 4194; x_wconf 85' lang='lat' dir='ltr'><strong>Euripidis</strong></span> <span class='ocrx_word' id='word_1_248' title='bbox 1460 4124 1780 4196; x_wconf 71' lang='lat' dir='ltr'><strong>Hypsipyle,</strong></span> <span class='ocrx_word' id='word_1_249' title='bbox 1819 4124 1915 4180; x_wconf 89' lang='lat' dir='ltr'><strong>ubi</strong></span> <span class='ocrx_word' id='word_1_250' title='bbox 1952 4130 2173 4181; x_wconf 83' lang='lat' dir='ltr'><strong>exstant</strong></span> <span class='ocrx_word' id='word_1_251' title='bbox 2209 4124 2378 4180; x_wconf 84' lang='lat' dir='ltr'><strong>verba</strong></span> <span class='ocrx_word' id='word_1_252' title='bbox 2414 4126 2574 4180; x_wconf 84' lang='lat' dir='ltr'><strong>haec:</strong></span> <span class='ocrx_word' id='word_1_253' title='bbox 2611 4122 2751 4181; x_wconf 76' lang='grc' dir='ltr'><strong><em>τάδε</em></strong></span> <span class='ocrx_word' id='word_1_254' title='bbox 2785 4144 2881 4196; x_wconf 79' lang='grc' dir='ltr'><strong>μοι</strong></span> 
     </span>
     <span class='ocr_line' id='line_1_34' title="bbox 711 4223 2882 4299; baseline 0.001 -19"><span class='ocrx_word' id='word_1_255' title='bbox 711 4223 850 4280; x_wconf 76' lang='grc' dir='ltr'><strong><em>τάδε</em></strong></span> <span class='ocrx_word' id='word_1_256' title='bbox 886 4224 1073 4295; x_wconf 72' lang='grc' dir='ltr'><strong><em>θυμὸς</em></strong></span> <span class='ocrx_word' id='word_1_257' title='bbox 1109 4227 1258 4280; x_wconf 81' lang='grc' dir='ltr'><strong><em>ϊδειν</em></strong></span> <span class='ocrx_word' id='word_1_258' title='bbox 1295 4226 1454 4280; x_wconf 72' lang='grc' dir='ltr'><strong><em>ἵεται.</em></strong></span> <span class='ocrx_word' id='word_1_259' title='bbox 1531 4224 1640 4280; x_wconf 89' lang='lat' dir='ltr'><strong>Sed</strong></span> <span class='ocrx_word' id='word_1_260' title='bbox 1675 4224 1823 4281; x_wconf 89' lang='lat' dir='ltr'><strong>unde</strong></span> <span class='ocrx_word' id='word_1_261' title='bbox 1859 4228 2094 4296; x_wconf 85' lang='lat' dir='ltr'><strong>sumpsit</strong></span> <span class='ocrx_word' id='word_1_262' title='bbox 2129 4224 2469 4296; x_wconf 78' lang='lat' dir='ltr'><strong>Euripides?</strong></span> <span class='ocrx_word' id='word_1_263' title='bbox 2512 4224 2676 4296; x_wconf 87' lang='lat' dir='ltr'><strong>Apud</strong></span> <span class='ocrx_word' id='word_1_264' title='bbox 2712 4226 2882 4299; x_wconf 81' lang='lat' dir='ltr'><strong>Hesy-</strong></span> 
     </span>
     <span class='ocr_line' id='line_1_35' title="bbox 711 4322 1760 4402; baseline -0.002 -19"><span class='ocrx_word' id='word_1_265' title='bbox 711 4323 923 4396; x_wconf 82' lang='lat' dir='ltr'><strong>chium:</strong></span> <span class='ocrx_word' id='word_1_266' title='bbox 961 4323 1102 4402; x_wconf 72' lang='grc' dir='ltr'><strong>ὖδης</strong></span> <span class='ocrx_word' id='word_1_267' title='bbox 1117 4342 1130 4357; x_wconf 91' lang='grc'><em>·</em></span> <span class='ocrx_word' id='word_1_268' title='bbox 1168 4323 1396 4393; x_wconf 75' lang='grc' dir='ltr'><strong><em>συνετός</em></strong></span> <span class='ocrx_word' id='word_1_269' title='bbox 1431 4322 1471 4399; x_wconf 76' lang='grc' dir='ltr'><strong>ἢ</strong></span> <span class='ocrx_word' id='word_1_270' title='bbox 1507 4329 1760 4398; x_wconf 78' lang='grc' dir='ltr'><strong><em>ποιητής.</em></strong></span> 
     </span>
    </p>
   </div>
   <div class='ocr_carea' id='block_1_5' title="bbox 3115 517 3124 1846">
    <p class='ocr_par' dir='ltr' id='par_1_9' title="bbox 3115 517 3124 1846">
     <span class='ocr_line' id='line_1_36' title="bbox 3115 517 3124 1846; baseline 0 0"><span class='ocrx_word' id='word_1_271' title='bbox 3115 517 3124 1846; x_wconf 95' lang='lat' dir='ltr'><strong> </strong></span> 
     </span>
    </p>
   </div>
   <div class='ocr_carea' id='block_1_6' title="bbox 3114 2924 3125 5109">
    <p class='ocr_par' dir='ltr' id='par_1_10' title="bbox 3114 2924 3125 5109">
     <span class='ocr_line' id='line_1_37' title="bbox 3114 2924 3125 5109; baseline 0 0"><span class='ocrx_word' id='word_1_272' title='bbox 3114 2924 3125 5109; x_wconf 95' lang='lat' dir='ltr'><strong> </strong></span> 
     </span>
    </p>
   </div>
  </div>
 </body>
</html>
