3178 5200
1734 396 1819 467 16

688 576 922 660 βαρετν
967 593 1022 640 e.
1066 578 1185 661 gr?
1222 570 1404 661 apud
1461 569 1801 641 Heronem
1819 570 1865 657 1)
1921 569 2170 658 inveni,
2231 591 2415 661 pass.
2457 570 2702 662 Polyb.
2748 572 2854 657 11,

683 687 785 768 33,
816 689 889 777 33
940 688 1042 774 18,
1072 688 1137 774 4,
1169 687 1257 777 8).
1320 688 1461 758 Pro
1493 709 1617 758 sua
1643 686 1862 778 igitur
1890 686 2109 758 forma
2137 687 2607 778 βεβαρημένος,
2653 709 2856 779 quam

682 805 1057 875 invenimus
1141 804 1322 897 apud
1383 805 1744 877 Platonem
1821 804 2058 895 Symp.
2119 805 2247 874 203
2267 804 2327 873 B
2402 804 2857 894 βεβαρημένος

683 921 898 1008 εὗὸεν,
960 923 1241 994 Theocr.
1288 930 1495 993 Πτολ.
1544 924 1628 992 61
1697 922 2116 1010 βεβαρημένοι
2161 924 2493 1009 ὠδίνεσσι,
2538 924 2673 1015 Ap.
2719 923 2852 995 Rh.

680 1041 737 1126 Ι,
789 1041 960 1111 1256
1003 1046 1066 1128 β.
1113 1044 1406 1129 ἄσθματι
1451 1043 1701 1127 θυμόν,
1764 1040 1943 1130 apud
1985 1040 2352 1109 Homerum
2396 1039 2704 1131 repperit
2746 1045 2852 1127 βε-

687 1159 952 1245 βαρηώς
988 1158 1140 1248 (IV,
1175 1158 1369 1244 1526)
1415 1184 1457 1244 γ
1488 1158 1617 1227 139
1662 1159 1824 1259 οἴνῳ
1870 1160 2271 1245 βεβαρηότες
2315 1160 2379 1244 (τ
2411 1157 2580 1244 122).
2673 1156 2853 1244 Quid

694 1274 912 1363 igitur
966 1277 1304 1361 obstabat,
1366 1274 1718 1365 quominus
1781 1298 1904 1365 pro
1962 1274 2362 1362 τετμημένος
2402 1276 2693 1361 τετμηώς
2733 1295 2851 1344 no·

680 1391 929 1461 varet?

855 1507 1106 1579 Cetera
1151 1510 1234 1577 ab
1280 1509 1576 1579 Homero
1622 1509 1846 1579 aliena
1887 1532 2024 1578 non
2068 1509 2292 1578 omnia
2331 1510 2847 1597 tractabuntur3

684 1647 855 1715 quae
885 1626 1210 1696 videntur
1242 1626 1872 1698 commemoratione
1903 1626 2130 1716 digna,
2164 1628 2555 1698 afferentur.
2631 1626 2687 1711 I,
2721 1625 2850 1695 624

683 1743 1099 1828 αὐδηθεῖσαν
1150 1766 1273 1832 pro
1327 1765 1405 1812 eo
1460 1747 1568 1814 est
1619 1744 1932 1834 positum,
2011 1744 2189 1834 quod
2254 1746 2362 1813 est
2413 1742 2846 1834 appellatam.

685 1861 901 1945 Quam
943 1859 1200 1950 passivi
1228 1860 1519 1930 formam
1545 1860 1912 1931 Homerum
1955 1861 2199 1931 habere
2228 1883 2366 1930 non
2407 1860 2709 1949 potuisse
2740 1860 2851 1931 vel

683 2001 767 2046 ex
798 2001 875 2047 eo
909 1977 1149 2063 elucet,
1197 1976 1371 2068 quod
1404 1979 1464 2048 ei
1494 2004 1559 2049 v.
1593 1979 1809 2047 αὐδᾶν
1849 1978 2167 2070 loquendi
2193 1983 2465 2050 tantum
2504 1979 2850 2049 notionem

679 2095 908 2165 habet.
998 2095 1135 2165 Sed
1176 2096 1310 2164 iam
1355 2118 1397 2164 a
1438 2096 1721 2186 tragicis
1765 2095 2009 2186 poetis,
2056 2096 2173 2187 q'ui
2216 2098 2386 2166 hanc
2430 2118 2659 2166 vocem
2701 2119 2849 2186 per·

683 2235 884 2302 saepe
928 2216 1284 2303 usurpant,
1329 2214 1678 2302 passivum
1721 2213 2102 2299 adhibetur,
2149 2236 2206 2283 e.
2237 2237 2337 2303 gr.
2364 2213 2607 2284 Aesch.
2659 2213 2846 2304 Sept.

683 2332 811 2399 678
854 2332 947 2419 τῷ
992 2330 1237 2399 κάκιστ’
1288 2331 1652 2422 αὐδωμένῳ
1684 2330 1911 2421 (Soph.
1943 2330 2118 2399 Phil.
2152 2331 2311 2418 240;
2360 2330 2601 2401 Trach.
2630 2331 2849 2418 1106).

678 2447 985 2536 Denique
1014 2447 1140 2516 hoc
1171 2450 1451 2517 verbum
1479 2448 1769 2516 ionicum
1796 2449 2007 2518 fuisse
2032 2446 2338 2537 exempla
2357 2446 2753 2517 Herodotea
2776 2450 2849 2517 et

680 2564 1144 2654 Hippocratea
1168 2562 1390 2649 (VIII,
1423 2564 1552 2633 750
1563 2563 1646 2649 L)
1671 2565 2160 2635 demonstrant.
2222 2563 2401 2634 Item
2428 2588 2493 2634 v.
2524 2564 2848 2658 παλύνειν

683 2681 944 2750 ionicae
989 2680 1267 2750 dialecti
1310 2680 1516 2750 fuisse
1562 2682 1859 2766 videtur,
1921 2683 2107 2752 cuius
2152 2682 2449 2752 activum
2492 2682 2844 2768 Homerus,

679 2820 860 2889 pass,
906 2798 1037 2886 Ap.
1071 2798 1203 2882 III,
1235 2798 1319 2865 69
1362 2799 1757 2888 usurpavit:
1804 2808 2056 2889 νιφετῷ
2101 2801 2161 2866 δ’
2209 2798 2571 2867 ἐπαλύνετο
2615 2798 2849 2886 πάντα,

682 2915 876 2986 velut
920 2915 1196 2984 Theocr.
1259 2921 1518 3002 Νομεῖς
1585 2916 1673 2984 28
1749 2916 1833 3003 χά
1895 2916 2132 3003 σῦριγξ
2192 2916 2431 3004 εὐρῶτι
2489 2916 2849 2984 παλύνεται

681 3032 908 3122 (Soph.
955 3033 1122 3101 Ant.
1169 3033 1332 3118 247;
1379 3032 1701 3122 Hippoer.
1751 3033 1954 3119 VIII,
2006 3034 2132 3102 174
2174 3032 2280 3123 L).

859 3150 1018 3238 Ipse
1083 3152 1311 3219 autem
1369 3150 1502 3239 Ap.
1547 3150 1893 3239 passivum
1954 3151 2149 3220 verbi
2208 3153 2601 3237 τερσαίνειν,
2671 3149 2852 3239 quod

690 3267 1044 3358 proprium
1087 3269 1194 3336 est
1237 3266 1464 3358 epicae
1524 3266 1923 3337 elocutionis
1966 3267 2219 3357 (Hom.;
2266 3266 2435 3355 Lyc.
2490 3267 2651 3354 3903
2700 3266 2848 3336 Nic.

683 3384 772 3454 al.
805 3385 976 3470 551),
1024 3383 1371 3468 formavit,
1417 3383 1544 3469 IV,
1591 3384 1752 3478 6073
1800 3384 2134 3458 Homerus
2180 3406 2323 3454 aor.
2368 3393 2682 3472 τερσῆναι
2727 3382 2854 3453 hac

682 3501 956 3571 notione
1000 3500 1225 3570 habet.

856 3617 1094 3688 Activi
1160 3618 1400 3688 deinde
1460 3617 1793 3709 mediique
1848 3618 2097 3688 formas
2142 3621 2215 3688 et
2255 3641 2450 3688 usum
2511 3616 2852 3706 spectanti

683 3737 807 3805 hoc
872 3735 1324 3825 quaerendum
1387 3738 1508 3821 est,
1571 3739 1805 3804 utrum
1847 3736 2253 3825 Apollonius
2314 3758 2439 3824 pro
2495 3732 2849 3804 Homerico

684 3853 909 3923 activo
984 3854 1289 3939 medium,
1365 3876 1492 3943 pro
1569 3853 1784 3923 medio
1862 3853 2159 3924 activum
2232 3851 2686 3936 collocaverit,
2763 3872 2851 3920 an

868 4129 921 4199 1)
959 4126 1340 4196 Wilamowitz,
1396 4125 1684 4183 Lesebuch
1738 4142 1792 4196 p.
1844 4128 1967 4194 261,
2022 4128 2109 4181 24.
2200 4124 2495 4196 Apollonio
2549 4142 2599 4181 v.
2649 4124 2852 4197 βαρεῖν

686 4228 1035 4286 transitivum
1091 4227 1265 4286 fuisse
1302 4227 1627 4299 comprobat
1660 4227 1755 4298 lv,
1796 4229 1933 4285 1569
1968 4222 2344 4300 βεβαρημένοι
2382 4242 2518 4301 „uns
2554 4224 2728 4283 damit
2763 4224 2854 4283 be·

680 4328 952 4389 lastenffl.
