3178 5200
1717 432 1805 506 66

671 612 854 703 μετά,
922 613 1021 683 sic
1064 634 1191 704 pro
1234 614 1396 700 πἐρί
1424 610 1613 700 ’ἀμφὶ
1650 610 1877 702 epicus
1936 603 2300 703 usurpavit
2338 604 2571 701 poeta,
2638 596 2751 678 ita
2792 608 2875 677 ut

669 731 855 802 inter
921 731 1005 800 17
1050 730 1266 802 verba
1323 734 1499 820 quae
1561 726 1925 820 usurpavit
1980 750 2129 798 cum
2187 728 2391 818 ἀμφι-
2451 725 2870 819 composita,

669 873 876 920 unum
916 851 1190 919 tantum
1231 846 1697 938 (ἀμφιένύυμι)
1740 850 1828 917 ab
1881 847 2185 918 omnibus
2245 847 2594 918 usitatum
2659 846 2871 931 esset,

676 968 758 1036 11
806 967 1220 1053 Homericae,
1284 988 1492 1035 unum
1552 964 1998 1054 (ἅμφιπολέω)
2056 963 2365 1056 poeticae
2430 960 2870 1046 elocutionis,

673 1087 1003 1175 quattuor
1067 1086 1156 1153 ab
1216 1083 1584 1174 Apollonio
1648 1082 1979 1172 (ἀμφιὸέω
2040 1082 2136 1169 ΙΙ,
2183 1082 2271 1151 64
2328 1081 2437 1173 [=
2499 1077 2871 1171 περιδέω];

675 1202 1177 1290 ἀμφιθορόντες
1251 1201 1383 1287 ΙΠ,
1432 1197 1637 1288 1373;
1699 1201 2150 1289 ἀμφιπαλύνω
2194 1198 2328 1287 ΠΙ,
2376 1199 2588 1289 12473
2659 1197 2868 1285 ἀμφι-

670 1321 1031 1407 μεμαρπώς
1071 1318 1205 1403 ΙΠ,
1254 1319 1408 1407 147)
1453 1321 1750 1389 novatae
1795 1320 2038 1389 essent

848 1437 1180 1527 Reliquae
1265 1436 1807 1527 praepositiones
1883 1435 2074 1520 nihil,
2164 1435 2344 1525 quod
2431 1433 2866 1504 animadver-

673 1555 952 1624 tendum
1019 1555 1114 1624 sit
1178 1554 1530 1644 praebent,
1589 1554 1728 1622 nisi
1790 1553 1970 1643 quod
2036 1555 2168 1641 πρό
2235 1552 2423 1623 nulla
2466 1552 2622 1623 fere
2680 1570 2866 1620 nova

672 1671 1046 1761 composita
1088 1671 1356 1741 efficere
1399 1671 1677 1741 videtur
1720 1672 2159 1758 (προμεθίημι
2203 1672 2287 1754 Π,
2321 1670 2468 1757 329,
2513 1670 2640 1740 ubi
2684 1667 2863 1738 Mer·-

672 1788 894 1857 kelius
939 1790 1102 1874 νηὸς
1147 1786 1732 1875 ἀποπρομεθένεες
1776 1785 2099 1876 scripsit).
2191 1785 2380 1871 Quae
2423 1810 2535 1856 res
2582 1804 2861 1857 causam

673 1903 1021 1994 singulare
1064 1902 1236 1971 illud
1279 1901 1631 1992 Apollonii
1695 1903 1995 1971 studium
2054 1902 2282 1989 habet,
2345 1904 2427 1972 ut
2484 1924 2675 1973 more
2721 1900 2860 1970 Ho-

678 2022 923 2091 merico
990 2021 1108 2110 qui
1174 2017 1337 2100 διέκ,
1384 2020 1614 2108 annosae,
1660 2020 1830 2088 ὑπέκ
1874 2019 2295 2106 adhibuerat,
2356 2020 2586 2110 potius
2655 2038 2859 2110 quam

675 2161 908 2209 vocem
953 2140 1084 2224 πρό
1127 2161 1184 2207 e.
1231 2159 1333 2225 gr.
1380 2140 1746 2227 usurparet
1790 2139 2056 2224 προπρό
2100 2136 2258 2226 (III,
2303 2136 2435 2205 458
2481 2139 2753 2225 προπρὸ
2796 2130 2857 2200 δ’

675 2259 759 2344 ἄρ
805 2254 1227 2344 ὀφθαλμῶν),
1284 2276 1606 2344 persaepe
1651 2254 1913 2342 ἐπιπρό.
2002 2253 2277 2324 Pariter
2322 2254 2497 2324 enim
2527 2253 2598 2323 in
2628 2250 2857 2325 verbis

676 2373 1147 2463 componendis
1216 2373 1486 2459 ἐπιπρο-
1559 2373 1921 2442 collocavit
1987 2373 2232 2461 ἐπιπρο
2294 2372 2599 2460 (-έχομαι,
2662 2370 2855 2455 -θέω,

678 2498 953 2579 -μολεῖν,
1001 2491 1282 2578 -νέομαι,
1332 2494 1600 2577 -πίπτω,
1646 2494 1920 2578 ·φαίνω,
1966 2489 2223 2578 φέρω),
2269 2512 2534 2578 προπρο
2584 2489 2858 2578 (·βιαζό-

676 2631 868 2697 μενοι
898 2609 954 2696 Ι,
974 2609 1148 2695 386),
1182 2609 1448 2696 ἀποπρο
1474 2609 1777 2698 (ψάλλω,
1807 2617 2099 2696 -θορεῖν,
2129 2608 2413 2697 delam),
2447 2609 2652 2696 ἐκπρο
2683 2609 2858 2697 (-μο-

676 2728 865 2815 htv),
888 2747 1187 2812 καταπρο
1211 2729 1490 2812 (-λείπω,
1518 2724 1693 2814 χέω).
1740 2725 1950 2795 Vides
1975 2748 2201 2795 omnes
2224 2748 2442 2811 voces,
2464 2726 2857 2815 quibuscum

676 2845 809 2934 Ap.
831 2844 1209 2933 singulares
1240 2842 1396 2912 illas
1433 2843 1971 2933 praepositiones
2005 2843 2451 2927 coniunxerit,
2484 2842 2687 2933 plane
2706 2838 2854 2912 vul-

677 2959 878 3052 ¹gares
909 2984 1086 3049 esse3
1133 2962 1310 3030 unde
1338 2961 1532 3029 illum
1557 2961 1632 3032 id
1657 2964 2002 3050 spectasse
2023 2961 2265 3046 elucet,
2306 2964 2385 3029 ut
2418 2981 2631 3030 novas
2662 2962 2737 3029 et
2770 2958 2857 3028 ab

676 3081 938 3150 usitato
971 3102 1279 3150 sermone
1309 3079 1754 3149 abhorrentes
1778 3079 2031 3148 formas
2060 3078 2431 3168 proferret;
2459 3078 2648 3146 nuflo
2680 3077 2855 3147 enim

683 3200 886 3286 pacto
915 3197 1414 3286 Apollonianus
1446 3196 2054 3287 decompositorum
2082 3219 2242 3265 usus
2272 3218 2421 3264 cum
2449 3195 2589 3264 illis
2623 3214 2856 3265 eorum

681 3337 841 3384 usus
907 3314 1171 3403 legibus
1239 3313 1552 3397 concinit,
1617 3335 1784 3403 quas
1839 3312 2482 3384 demonstraverunt
2528 3312 2855 3381 Schuber-

681 3436 796 3502 tus
815 3430 884 3519 ¹),
947 3431 1324 3503 Schmidius
1373 3431 1446 3519 (1.
1478 3431 1523 3499 1.
1556 3431 1688 3499 708
1714 3433 1818 3517 3.),
1862 3431 2220 3519 Mayserus
2266 3430 2415 3520 (1.1.
2448 3454 2514 3520 p.
2543 3430 2677 3498 497
2701 3432 2850 3516 ss.);

683 3548 822 3618 nisi
899 3548 1079 3639 quod
1144 3549 1276 3637 Ap.
1347 3571 1611 3638 quoque
1696 3546 2070 3638 compluria
2153 3569 2303 3617 cum
2374 3547 2615 3634 ἔγκατα
2678 3569 2853 3617 com-

680 3666 910 3757 posita
993 3667 1314 3737 novavit:
1394 3665 1886 3753 ἑγκαταβοῖλλω,
1955 3668 2277 3752 -θνήσκω,
2360 3665 2583 3752 ·λέγω,
2664 3664 2853 3750 maim,

679 3787 945 3853 mcum.
1054 3784 1313 3854 Eodem
1397 3781 1767 3874 singularis
1859 3782 2256 3852 elocutionis
2344 3763 2590 3852 coloris
2675 3803 2852 3852 asse·

689 3902 936 3992 quendi
1005 3901 1231 3973 studio
1307 3901 1639 3972 adductus
1695 3900 2204 3988 ἑπιπροσβᾶλλω
2270 3900 2329 3986 I,
2361 3900 2485 4000 931
2540 3898 2853 3989 &nunone-

696 4183 705 4188 „
871 4129 922 4198 1)
957 4126 1072 4184 Zur
1115 4126 1477 4184 mehrfachen
1512 4124 2019 4197 praepositionalen
2051 4124 2625 4195 zusammetzung.
2677 4122 2855 4182 Xoniz

690 4230 988 4287 Ausa-iaco,
1025 4231 1162 4309 1829
1195 4229 1242 4285 L
