3178 5200
451 0 656 23 ἠι-
756 30 791 41 ,,
1115 0 1249 37 ”y
1303 0 1491 35 Ἣ
1533 1 1588 4 “
1953 34 2004 45 ,,,
2136 1 2382 48 142...-
2527 34 2696 41 m

1413 526 1507 597 ⁷5

1109 839 1803 913 ARGVMENTVM.

362 1018 748 1075 Prooemium}
785 1018 934 1088 Quos
971 1024 1166 1090 poetas
1203 1020 1528 1091 Apollonius
1565 1020 1813 1077 imitatus
1850 1020 1923 1078 sit
1940 1060 2399 1077 ......
2514 1024 2541 1076 1

365 1126 556 1196 Caput
578 1125 632 1183 1:
668 1126 753 1184 De
776 1127 1068 1183 verborum
1090 1126 1284 1184 formis
1322 1135 1379 1185 et
1414 1128 1469 1184 vi
1505 1128 1575 1184 ab
1602 1128 1828 1184 Homeri
1863 1143 1968 1185 usu
2003 1127 2402 1184 recedentibus.

553 1216 585 1288 5
625 1220 672 1273 1.
745 1216 1099 1287 Apollonium
1149 1217 1318 1274 verbs
1353 1218 1648 1274 Homerica
1697 1217 1852 1275 novis
1900 1216 2229 1274 instruxisse
2272 1221 2403 1273 tem-

552 1396 670 1468 52.
744 1306 1779 1473 3233....511....·A..fi...;..4
1815 1349 2063 1455 ms...
2100 1349 2190 1469 .·..,
2211 1349 2404 1455 ·.,...;
2512 1310 2547 1363 ⁸

751 1488 860 1558 plis
896 1486 1307 1545 demonstratur
1354 1505 1361 1511 ·
1407 1528 2402 1546 ............
2482 1490 2550 1543 10

552 1577 584 1649 5
620 1580 670 1634 3.
744 1578 1007 1649 Singulae
1041 1578 1255 1637 formae
1293 1579 1363 1636 ab
1402 1579 1696 1652 Apollonio
1745 1583 1981 1636 novatae
2016 1583 2115 1635 aut
2149 1582 2405 1663 receptae
2482 1581 2549 1633 12

552 1668 584 1740 5
618 1672 670 1726 4.
745 1669 1097 1741 Apollonium
1132 1670 1302 1727 verba
1337 1670 1632 1726 Homerica
1675 1669 1831 1729 novis
1882 1669 2214 1726 hsttuxisse
2246 1682 2406 1739 gene-

742 1759 898 1818 ribus
961 1800 2405 1824 .................
2484 1761 2552 1819 14

552 1849 584 1922 5
619 1850 670 1909 5.
741 1850 1097 1920 Apollonium
1130 1849 1486 1925 usurpavisse
1520 1866 1627 1922 pro
1661 1848 1855 1909 modiis
1892 1849 2074 1909 activa
2124 1891 2139 1906 .
2214 1892 2228 1907 .
2303 1891 2318 1907 .
2394 1892 2407 1907 .
2484 1854 2552 1908 18

553 1939 586 2010 5
623 1941 676 1998 6.
747 1955 850 2010 pro
888 1939 1082 1996 activis
1119 1938 1299 1996 media
1323 1980 2407 1999 .............
2479 1943 2549 1996 21

555 2030 587 2102 5
622 2032 676 2086 7.
747 2029 986 2087 Formae
1020 2030 1092 2087 sb
1129 2030 1370 2087 Homero
1407 2029 1729 2088 recedentes
1761 2030 1913 2088 varie
1947 2035 2193 2088 mutatae
2218 2072 2231 2087 .
2305 2072 2319 2087 .
2395 2074 2408 2089 .
2482 2032 2556 2088 22

552 2120 589 2192 5
625 2121 679 2176 8.
751 2118 838 2177 De
873 2120 1122 2191 optativo
1157 2135 1264 2179 mu
1300 2121 1671 2192 Apolloniam
1768 2161 2410 2178 ........
2482 2124 2557 2178 24

553 2211 587 2283 5
621 2212 675 2266 9.
749 2209 1032 2281 Quatenus
1070 2210 1141 2267 ab
1177 2209 1418 2269 Homero
1455 2210 1681 2269 recedat
1714 2227 1848 2270 usus
1886 2210 2058 2269 dativi
2125 2252 2141 2269 .
2218 2253 2232 2268 .
2306 2253 2320 2268 .
2395 2252 2409 2268 .
2482 2214 2553 2268 27

519 2299 550 2373 5
589 2304 671 2356 10.
746 2300 986 2371 genetivi
1047 2342 2408 2360 ................
2482 2305 2556 2361 28

519 2391 552 2463 5
591 2395 675 2447 11.
748 2391 1049 2449 accusativi
1132 2431 2408 2450 ...............
2482 2395 2556 2449 30

521 2481 554 2553 5
598 2484 679 2537 12.
753 2481 909 2551 Quae
942 2482 1112 2540 verbs
1148 2482 1444 2540 Homerica
1476 2486 1583 2554 Ap.
1635 2486 1848 2540 mutato
1895 2481 2210 2554 significatu
2254 2496 2412 2543 usur·

750 2572 971 2644 paverit
1056 2611 2409 2634 ................
2482 2574 2554 2631 84

518 2663 552 2735 5
592 2666 674 2720 13.
750 2662 1101 2733 Apononium
1138 2679 1307 2736 saepe
1343 2664 1705 2736 veriloquium
1741 2669 1988 2721 secutum
2022 2679 2146 2721 esse
2217 2704 2232 2720 .
2305 2703 2323 2722 .
2396 2705 2409 2720 .
2485 2666 2555 2719 37

375 2771 559 2848 Caput
593 2770 683 2827 11:
735 2770 944 2841 Quibus
981 2772 1052 2828 sb
1091 2772 1380 2830 Homerico
1416 2789 1522 2830 usu
1557 2772 1752 2829 alienis
1787 2771 1970 2830 verbis
2007 2775 2113 2842 Ap.
2152 2787 2284 2829 usus
2322 2771 2410 2828 sit.

519 2860 551 2932 5
592 2864 674 2917 14.
746 2862 952 2932 Verba,
987 2876 1133 2932 quse
1168 2862 1227 2919 in
1257 2861 1500 2920 Hesiodo
1536 2862 1862 2935 hymnisque
1883 2862 2193 2919 Homericis
2228 2862 2412 2919 inven-

752 2951 942 3009 iuntur
1048 2992 2411 3013 ................
2484 2956 2557 3011 89

518 3043 553 3114 5
594 3043 677 3098 15.
752 3042 943 3106 Verba
977 3048 1108 3106 ante
1141 3042 1423 3114 Apollonii
1458 3048 1700 3104 aetatem
1734 3042 1971 3107 usitata:
2009 3043 2072 3116 α)
2109 3042 2415 3106 eommunia
2486 3045 2556 3099 42

521 3132 554 3204 5
597 3134 681 3190 16.
753 3134 814 3206 β)
850 3132 1034 3192 ionica.
1052 3173 2410 3191 ................
2484 3136 2555 3192 43

518 3222 551 3294 5
591 3224 673 3279 17.
746 3223 806 3295 γ)
843 3224 1000 3281 varia
1053 3263 2411 3283 ................
2484 3225 2556 3280 46

516 3312 551 3383 5
591 3315 674 3369 18.
749 3314 809 3385 δ)
846 3314 1067 3384 poetica
1146 3353 2410 3371 ...............
2483 3317 2555 3369 47

519 3402 552 3475 5
590 3405 676 3460 19.
752 3402 955 3473 Verba,
1007 3419 1151 3473 quse
1196 3404 1256 3464 in
1301 3404 1614 3475 sequanum
1662 3402 1995 3466 carminibus
2042 3402 2412 3475 inveniuntur,

745 3494 809 3567 α)
846 3492 998 3565 apud
1031 3494 1450 3566 Lycophronem
1504 3534 2411 3552 ...........
2484 3497 2558 3553 49

521 3573 555 3655 5
590 3586 676 3639 20.
752 3583 812 3655 β)
851 3582 1000 3654 apud
1034 3586 1268 3642 Aratum
1323 3624 2412 3650 .............
2485 3588 2554 3642 51

520 3673 552 3745 5
589 3675 675 3729 21.
748 3673 809 3745 γ)
845 3671 997 3744 apud
1034 3673 1427 3731 Callimachum
1507 3715 2412 3731 ...........
2486 3677 2557 3732 54

520 3763 552 3835 5
588 3766 674 3819 22.
750 3762 939 3822 Verba.
970 3763 1268 3835 Apollonio
1320 3764 1575 3835 propris,
1638 3765 1703 3837 α)
1740 3779 1883 3835 quae
1934 3763 1993 3822 in
2045 3778 2205 3822 suum
2253 3779 2415 3823 usum

754 3854 987 3914 mutavit
1040 3895 2410 3916 ................
2486 3857 2557 3916 56

520 3945 552 4017 5
588 3947 676 4000 23.
749 3945 810 4017 β)
850 3959 992 4013 quse
1026 3943 1148 4015 ipse
1179 3944 1402 4002 novavit
1498 3985 2411 4003 ...........
2484 3949 2558 4006 60

529 4034 560 4105 5
597 4037 685 4090 24.
760 4033 912 4103 Quae
948 4033 1232 4090 novaverit
1266 4036 1374 4105 Ap.
1410 4036 1716 4107 composite
1775 4073 2411 4092 ........
2487 4038 2557 4092 62

527 4124 684 4196 526.
759 4123 846 4179 De
881 4123 1137 4181 universo
1174 4123 1601 4194 compositorum
1639 4140 1746 4183 usu
1782 4125 2149 4196 Apolloniam
2221 4167 2235 4181 .
2312 4167 2328 4184 .
2398 4167 2412 4181 .
2487 4128 2559 4183 64

376 4231 598 4290 Indices
694 4271 2234 4295 ..................
2253 4238 2559 4293 ⁴..ae
