3178 5200
1727 414 1814 485 ω

680 577 1127 675 ascriptoribus
1155 587 1422 674 collata,
1457 589 2326 680 quibuscumApollonim
2354 595 2851 681 comparentur,

678 696 814 770 non
870 701 1105 773 habeo.
1206 706 1358 790 Qua
1414 703 1500 775 de
1557 727 1635 775 re
1698 706 2075 778 Schmidins
2133 707 2181 776 1.
2226 708 2273 776 1.
2320 731 2387 798 p.
2431 708 2552 777 97:
2636 709 2852 798 „Sehr

678 814 1060 890 verbreitet
1099 818 1196 890 ist
1237 821 1348 891 bei
1388 820 1859 893 Philostratus
1905 824 2015 894 die
2057 825 2422 915 poetische‚
2468 828 2633 896 aber
2678 826 2850 896 auch'

679 935 801 1006 der
846 942 1039 1025 κοινή
1082 936 1274 1008 nicht
1329 939 1587 1010 fremde
1633 939 1833 1027 Sitte,
1895 963 1984 1015 an
2029 942 2280 1028 Verba,
2339 943 2541 1013 meist
2600 943 2844 1029 solche,

679 1054 788 1123 die
848 1055 976 1124 mit
1032 1055 1277 1146 Praep.
1341 1058 2001 1149 zusammengesetzt
2072 1059 2242 1145 sind,
2323 1058 2614 1131 Nomina
2678 1061 2848 1130 ohne

674 1169 922 1262 Praep.
965 1171 1059 1240 im
1100 1173 1338 1242 reinen
1381 1175 1611 1244 Kasus
1658 1175 2130 1265 anzuhiingem
2177 1175 2262 1246 cf.
2309 1200 2373 1267 p.
2421 1178 2569 1263 714,
2614 1179 2657 1246 2
2681 1204 2742 1265 γ.

850 1288 950 1359 Ut
1008 1285 1337 1360 nonnulla
1397 1294 1609 1361 verba
1668 1291 1993 1378 dativum,
2061 1293 2166 1363 ita
2226 1293 2366 1362 alia
2424 1292 2694 1384 poetica
2737 1294 2849 1365 vel

677 1407 868 1495 epica
909 1407 1322 1496 genetivum,
1384 1431 1513 1498 qno
1560 1412 1888 1479 carebant
1928 1409 2171 1499 primo,
2232 1410 2365 1480 eibi
2408 1411 2846 1501 coniungunt,

675 1527 758 1595 ut
801 1529 1174 1611 λελιῆσθαι,
1233 1525 1558 1614 ἐρητύειν,
1621 1526 2061 1614 ἐπορέγεσθαι
2082 1528 2165 1615 ¹);
2231 1528 2371 1597 alia
2413 1529 2660 1598 usitati
2707 1550 2848 1598 ser-

673 1641 890 1709 monis
950 1641 1304 1732 analogiae
1359 1643 1432 1711 vi
1483 1646 1842 1713 structura
1902 1666 2101 1733 quam
2159 1644 2541 1717 habuerant
2600 1645 2851 1716 amissa

675 1780 824 1826 cum
867 1760 1188 1846 genetivo
1236 1763 1747 1847 construuntur,
1796 1759 1991 1830 velut

676 1877 800 1943 οὐκ
845 1876 1180 1963 ἀθερίζειν
1225 1877 1477 1965 (Hom.:
1525 1877 1689 1964 acc.)
1733 1877 1792 1962 Ι,
1842 1878 1971 1946 123
2014 1878 2115 1948 al:
2163 1876 2486 1966 (ἀμελεῖν)

677 1992 985 2080 ἀρχεύειν
1031 1993 1282 2082 (Hom.:
1329 1994 1497 2081 dat.)
1542 1995 1601 2080 Ι,
1649 1995 1777 2063 347
2158 1994 2438 2084 (ἄρχειν)

675 2111 1037 2198 μεμαρπώς
1079 2109 1334 2199 (Hom.:
1382 2111 1544 2201 acc.)
1589 2115 1825 2182 crebro
2160 2110 2407 2200 (ψαύω)

676 2226 962 2313 ῥύεσθαι
1007 2227 1263 2315 (Hom.:
1295 2231 1428 2297 ὑπό
1448 2253 1499 2297 c.
1516 2227 1698 2317 gen.)
1728 2229 1819 2314 H,
1851 2229 2099 2307 21881.
2132 2229 2366 2318 (λύειν,
2390 2228 2845 2319 ἀπαλάσσειν).

846 2345 1154 2434 Denique
1183 2345 1293 2415 hic
1318 2346 1647 2415 nonnulla
1678 2347 1942 2417 obviam
1974 2347 2259 2417 veniunt
2286 2349 2513 2431 verba,
2562 2369 2846 2436 quorum

675 2465 1023 2533 structura
1052 2486 1199 2532 cum
1228 2464 1493 2534 usitata
1535 2462 1887 2554 congruit:
1935 2466 2228 2550 ἄγασθαι
2260 2465 2405 2553 (H.:
2438 2465 2620 2553 acc.),
2667 2467 2844 2532 εἰσα-

674 2582 905 2649 κούειν
950 2578 1097 2670 (H.:
1142 2581 1303 2653 intr.
1353 2587 1411 2650 Θ
1443 2581 1574 2670 97),
1621 2580 1855 2670 κύρεϊν
1898 2581 2045 2671 (H.:
2091 2580 2233 2651 dat.
2267 2581 2419 2670 ἐπί),
2467 2586 2704 2671 λωφᾶν
2739 2580 2840 2664 Π,

673 2699 822 2784 649,
868 2698 1001 2785 ΙΠ,
1050 2701 1180 2768 784
1223 2699 1370 2789 (H.:
1415 2705 1819 2788 καταλωφᾶν
1863 2723 1915 2769 c.
1943 2723 2117 2790 gen„
2167 2727 2193 2768 ι
2230 2700 2387 2787 459)
2456 2723 2604 2769 cum
2645 2722 2842 2790 gene-

671 2817 820 2886 tivo
882 2818 1119 2885 crebro
1181 2817 1640 2903 inveniuntur,
1715 2817 1896 2886 haud
1968 2818 2175 2888 aliter
2232 2841 2313 2887 ac
2368 2818 2845 2886 πυνθάνεσθαι

671 2933 842 3020 ὑπέρ
888 2957 942 3002 c.
990 2957 1162 3023 gen„
1223 2934 1351 3020 IV,
1397 2935 1548 3020 531,
1613 2934 1727 3003 ubi
1782 2933 1951 3023 ὑπέρ
2007 2957 2132 3024 pro
2193 2935 2466 3024 vulgari
2523 2939 2684 3022 περί
2721 2937 2845 3004 aut

671 3049 896 3120 habet.
937 3050 1316 3140 exemplum
1372 3052 1805 3120 Homericum
1851 3057 1908 3118 Z
1951 3052 2092 3120 524·
2140 3054 2309 3141 ὑπὲρ
2371 3051 2579 3121 σέθεν
2636 3056 2841 3139 αἴσχε’

675 3168 901 3236 ἀκούω
964 3171 1088 3245 aut
1132 3191 1209 3237 eo
1255 3169 1576 3258 pertinet,
1644 3192 1773 3259 quo
1820 3192 1877 3239 e.
1922 3192 2025 3258 gr.
2071 3192 2233 3239 usus
2279 3168 2701 3259 Polybianus
2743 3191 2843 3238 re-

667 3285 996 3355 ferendus
1042 3290 1169 3368 est,
1214 3285 1392 3376 quod
1435 3286 1562 3356 illa
1592 3290 1823 3357 aetate
1853 3289 2013 3374 περί
2037 3291 2111 3356 et
2138 3286 2309 3374 ὑπέρ
2339 3309 2616 3376 prorsus
2662 3286 2844 3355 inter

674 3425 746 3472 se
809 3404 1333 3492 permiscentur3
1404 3426 1537 3493 qua
1603 3404 1687 3473 de
1743 3427 1817 3473 re
1879 3403 2266 3474 Kaelkerue
2352 3404 2498 3493 egit
2565 3403 2838 3493 (Lngr.

672 3520 819 3590 Std.
867 3521 1000 3606 ΠΙ,
1047 3545 1109 3611 p.
1156 3522 1287 3589 220
1310 3521 1426 3608 ss.)

445 3647 484 3733 ξ
531 3645 674 3713 11.·
847 3639 1113 3708 Deinde
1193 3639 1255 3707 ei
1319 3640 1408 3707 ad
1473 3640 1933 3710 accusativum
1998 3637 2560 3728 transgredimur,
2639 3639 2844 3708 etiam

672 3757 893 3826 maior
937 3780 1255 3826 numerus
1301 3760 1409 3826 est
1451 3755 1739 3842 illorum,
1790 3779 1961 3848 quae
2003 3779 2404 3847 quamquam
2432 3758 2515 3826 ab
2548 3757 2841 3825 Homero

677 3876 858 3945 nude
924 3879 1086 3945 sunt
1147 3876 1406 3964 posita,
1499 3875 1711 3943 omnis
1778 3874 1961 3944 modi
2025 3875 2359 3944 obiectum
2441 3872 2843 3960 adsciscunt,

706 4102 710 4106 <
860 4059 917 4131 1)
956 4057 1256 4125 ὀπίζεσθαι
1295 4058 1359 4113 L.
1388 4056 1534 4114 falsa
1568 4058 2030 4128 interpretatione
2064 4057 2215 4116 nisus
2253 4060 2361 4114 huc
2394 4055 2596 4126 refert3
2632 4056 2703 4126 11,
2743 4057 2842 4111 181

662 4157 744 4217 ὀὐ
783 4161 836 4217 δ’
876 4158 1044 4217 ὅσσον
1093 4159 1317 4226 ὀπίζετο
1373 4159 1472 4216 καὶ
1520 4159 1660 4222 Διὸς
1709 4160 1886 4215 αὐτοῦ
1934 4162 2136 4231 χρείων
2183 4155 2456 4230 ἀτρεκέως
2508 4155 2662 4227 ἱερὸν
2707 4153 2846 4212 νόον

684 4264 1082 4332 ἀνθρώποισιν
1118 4288 1188 4312 =
1224 4263 1329 4319 οὐκ
1366 4261 1626 4335 ᾐσχύνθη
1677 4259 1814 4317 οὐδὲ
1861 4261 1964 4317 τὸν
2000 4262 2140 4325 Διὸς
2174 4269 2314 4318 νοῦν
2347 4266 2468 4331 τοῖς
2514 4257 2846 4329 ἀνθρώποις

679 4368 1039 4442 χρησμῳδῶν.
