3178 5200
1434 458 1523 531 15

380 620 507 715 qm
548 624 1032 705 Buttmannus
1056 634 1109 723 ι)’
1164 630 1366 705 dicit:
1436 635 1586 723 „ein
1649 632 2268 704 alexandrinisohes
2315 632 2562 724 Wage-

383 747 584 819 sffiok
623 749 725 821 ist
768 753 882 827 bei
925 753 1057 843 Ap.
1103 752 1235 821 Iun,
1282 755 1585 840 τετμηότι
1643 754 1716 823 in
1770 751 2252 844 passivischem
2291 750 2563 821 Smne“.

392 866 470 939 Si
511 871 740 941 tamen
799 892 932 960 qua
995 868 1112 939 via
1173 870 1261 938 ad
1319 870 1493 941 hanc
1554 874 2057 940 monstruosam
2097 869 2387 938 formam
2430 868 2565 958 Ap.

384 988 681 1070 venerit,
743 987 1162 1077 perscrutari
1220 1009 1553 1075 conamur,
1619 987 2060 1058 conferendae
2106 989 2265 1057 sunt
2310 985 2563 1055 similes

381 1105 674 1172 Homeri
714 1105 979 1173 formae
1000 1104 1068 1191 ²),
1131 1108 1499 1193 κεκαφηός,
1583 1109 1875 1191 τετιηώς,
1937 1106 2296 1193 κεχαρηώς,
2367 1107 2564 1189 βεβα-

388 1223 595 1310 ρηώς,
638 1224 942 1309 τετληώς,
1002 1225 1324 1310 πεπτηώς,
1385 1225 1706 1310 κεκμηώς,
1751 1245 1922 1313 quae
1969 1244 2194 1291 omnes
2240 1219 2563 1291 intransi-

380 1339 608 1408 tivum
634 1359 838 1428 quam
871 1337 1148 1407 dicimus
1179 1339 1317 1409 vim
1346 1339 1659 1410 induunt.
1750 1339 1858 1408 Ex
1889 1339 2128 1428 quibus
2173 1337 2377 1407 facile
2420 1339 2564 1406 tres

381 1456 648 1524 formae
708 1477 836 1544 pro
898 1455 1187 1545 passivis
1252 1457 1423 1525 sumi
1480 1460 1785 1547 possunt,
1853 1459 2142 1543 τετιηώς,
2208 1456 2564 1544 κεχαρηῶς,

382 1572 750 1659 βεβαρηῶς.
859 1573 957 1640 Et
1035 1573 1172 1642 iam
1240 1574 1421 1662 apud
1484 1572 1855 1643 Homerum
1929 1575 2199 1660 τετιηώς
2258 1592 2302 1639 a
2357 1595 2566 1658 τετιη-

381 1688 590 1777 μένος
616 1689 764 1758 loco
795 1693 1051 1758 motum
1082 1712 1230 1759 esse
1256 1689 1575 1776 videmus,
1624 1713 1772 1760 cum
1801 1690 1986 1759 illius
2018 1690 2279 1758 formae
2305 1688 2565 1757 nullum

384 1806 766 1896 exemplum
808 1807 882 1875 in
924 1807 1252 1897 Odyssea,
1317 1830 1437 1877 sex
1491 1809 1564 1876 in
1606 1807 1824 1878 Iliade
1868 1807 1942 1897 (I
1981 1807 2084 1893 13,
2129 1808 2249 1895 303
2295 1806 2454 1892 6953
2504 1810 2566 1872 Λ

389 1924 524 1992 555
572 1954 653 1982 -=-
701 1930 761 1991 P
797 1925 947 2009 664,
994 1929 1062 1992 Ω,
1104 1925 1282 2011 283),
1324 1925 1523 1993 huius
1568 1947 1688 1994 sex
1729 1925 1802 1992 in
1846 1924 1990 2009 Od.‚
2047 1923 2191 1993 tria
2232 1924 2304 1991 in
2347 1922 2564 1992 Iliade

386 2041 851 2127 inveniantur,
922 2045 1131 2132 atque
1193 2064 1340 2111 cum
1401 2042 1817 2132 singularem
1870 2042 2161 2111 formam
2203 2043 2566 2130 κεχαρηότα

386 2163 469 2225 H
504 2159 636 2226 312
695 2158 1021 2249 legamuS,
1086 2160 1160 2227 in
1203 2159 1474 2248 hymnis
1534 2158 2039 2245 recentissimis,
2104 2157 2258 2229 Cer.
2302 2158 2433 2226 458
2489 2158 2567 2226 et

389 2275 555 2362 VII,
607 2279 690 2346 10
744 2277 1123 2347 invenimus
1185 2278 1440 2349 formas
1499 2279 1865 2367 κεχάρηντο
1921 2281 1994 2347 et
2036 2277 2471 2365 κεχαρημένοι
2493 2278 2563 2368 ⁸).

387 2394 690 2478 Quocum
751 2397 922 2464 bene
988 2396 1323 2482 convenit,
1392 2396 1569 2486 quod
1614 2397 1747 2485 Ap.
1792 2396 2018 2464 nullas
2061 2395 2198 2463 nisi
2257 2395 2564 2485 passivas

387 2510 645 2579 formas
709 2512 1184 2599 (κεχαρημένος
1243 2513 1299 2598 Ι,
1351 2512 1542 2596 1104,
1607 2510 1987 2599 τετιημένος
2029 2512 2163 2599 ΙΙΙ,
2211 2512 2375 2599 4913
2440 2510 2565 2595 IV,

390 2628 596 2717 1250;
646 2628 742 2713 II,
788 2629 947 2716 864)
992 2630 1290 2699 adhibet.
1381 2629 1534 2716 Qua
1591 2631 1665 2698 in
1718 2653 1795 2699 re
1841 2628 2119 2700 eandem
2179 2630 2370 2699 illam
2430 2629 2569 2700 vim

385 2746 862 2835 cognoscimus,
931 2768 1102 2836 quae
1165 2748 1468 2816 omnibus
1531 2748 1953 2837 temporibus
1998 2747 2094 2815 'in
2161 2743 2413 2837 linguis
2453 2747 2568 2815 de-

389 2862 843 2954 prehenditur
883 2863 1012 2932 hoc
1071 2865 1388 2949 efficiens,
1456 2866 1539 2932 ut
1583 2865 1841 2933 formas
1889 2867 2219 2953 exaequet
2264 2886 2411 2932 cum
2454 2886 2571 2933 no-

387 2980 695 3049 tionibus
712 2982 781 3066 4).
871 2980 1182 3049 Tertium
1246 2984 1476 3050 autem
1533 2984 1833 3066 verbum,
1903 2985 2155 3068 βαρεῖν,
2228 2981 2391 3071 quin
2431 2979 2566 3070 Ap.

388 3098 769 3167 transitiva
812 3097 1305 3187 significatione
1335 3121 1419 3167 ex
1447 3098 1708 3167 usitato
1739 3097 1928 3176 illius
1960 3099 2210 3166 aetatis
2258 3120 2568 3168 sermone

387 3215 566 3284 bene
609 3216 903 3300 noverit,
971 3213 1272 3284 dubitari
1321 3216 1438 3286 vix
1480 3217 1731 3305 potest,
1798 3215 1978 3305 quod
2022 3217 2107 3284 ab
2152 3216 2570 3305 Hippocrate

386 3333 555 3417 VII,
595 3333 735 3401 578
777 3332 837 3399 L
882 3336 956 3402 et
996 3336 1242 3422 postea
1299 3334 1538 3402 crebro
1580 3354 1628 3400 a
1668 3332 1905 3401 multis
1964 3333 2408 3421 scriptoribus
2453 3333 2568 3402 ad-

382 3448 680 3519 hibitum
724 3453 832 3520 est
875 3449 1034 3540 (Dio
1067 3450 1389 3538 Cass.'46,
1424 3451 1540 3538 323
1586 3449 1750 3519 Luc.
1796 3449 1955 3518 dial.
1986 3473 2071 3517 m.
2110 3451 2213 3536 10,
2253 3450 2331 3538 43
2378 3474 2570 3518 κατα-

574 3705 628 3777 1·)
667 3704 761 3761 Gr.
803 3703 926 3776 Spr.
965 3705 1034 3775 11,
1072 3722 1125 3776 p.
1164 3708 1285 3762 298.

574 3808 633 3877 2)
673 3822 811 3876 quas
847 3804 992 3862 idem
1026 3807 1396 3863 Buttmannus
1435 3806 1673 3877 collegit,
1704 3807 1742 3862 1.
1779 3807 1816 3861 1.
1855 3807 1897 3876 1,
1934 3807 2056 3862 416.

572 3912 628 3981 3)
672 3908 1042 3979 κεχαρήσεται
1076 3919 1125 3980 ψ
1162 3910 1268 3966 266
1306 3909 1518 3978 aoristi,
1562 3914 1628 3964 ut
1662 3909 1745 3964 ita
1781 3907 1977 3977 dicam,
2030 3907 2278 3963 futurum
2317 3906 2425 3961 huc
2460 3921 2573 3961 non

380 4009 650 4081 pertinet,
704 4009 763 4065 id
810 4009 956 4079 quod
1012 4026 1080 4066 ex
1134 4009 1179 4065 O
1218 4013 1288 4066 98
1327 4006 1705 4082 κεχαρησέμεν
1760 4008 2017 4079 cognosci
2067 4024 2231 4080 posse
2285 4005 2572 4063 adnotavit

384 4111 453 4167 G.
493 4112 742 4168 Schulze.

574 4215 631 4284 4)
670 4227 779 4283 qua
817 4211 887 4269 de
923 4230 987 4269 re
1025 4215 1179 4285 Paul,
1218 4212 1535 4284 Prinzipien
1574 4212 1675 4269 der
1712 4212 2255 4283 Sprachgeschichte,
2307 4212 2339 4286 ξ
2369 4214 2471 4269 180
2492 4228 2564 4269 ss.
