3178 5200
1768 406 1856 474 20

901 580 1141 652 Aetivi
1202 584 1430 651 autem
1495 582 1754 650 formae
1815 580 2235 667 τεκταινέμεν
2278 581 2417 669 ΠΙ,
2459 581 2608 667 592,
2675 587 2901 671 τεκτή-

720 723 954 778 ναντες
995 699 1090 784 Π,
1137 699 1262 768 381
1329 701 1487 768 sunt
1548 698 1845 784 illarum,
1908 719 2081 786 quae
2125 700 2288 768 ante
2332 699 2686 789 Apollonii
2727 703 2898 770 tem·

718 837 889 905 pora
919 839 1266 906 nusquam,
1309 819 1552 907 postea
1579 814 1885 885 erebrius
1930 815 2369 886 inveniantur
2392 817 2444 905 ¹)
2491 816 2699 901 (Sext.
2737 818 2896 888 adv.

718 932 920 1022 phys.
981 935 1044 1019 2,
1090 933 1219 1002 282
1238 958 1254 1022 ;
1329 934 1522 1002 Phal.
1576 955 1681 1024 ep.
1739 933 1842 1017 13,
1875 935 1992 1020 713
2070 933 2142 1002 in
2215 934 2617 1005 carminibus
2680 935 2767 1004 A.
2812 936 2895 1005 P.

728 1048 851 1135 VI,
898 1051 1002 1135 80,
1048 1051 1091 1118 2
1134 1050 1514 1139 Agathias3
1562 1050 1885 1120 Manetho
1932 1050 2055 1135 VI,
2099 1051 2276 1140 496),
2340 1052 2444 1121 ita
2484 1058 2567 1122 ut
2608 1052 2895 1141 Apollo-

720 1168 874 1236 nius
941 1167 1476 1237 vetustissimum
1531 1168 1725 1237 nobis
1800 1169 2132 1258 praebeat
2187 1168 2647 1239 testimonium
2704 1169 2895 1239 illius

716 1308 900 1367 usus,
979 1308 1177 1375 quem
1254 1285 1529 1376 linguae
1591 1295 1824 1372 κοινῆς
1884 1285 2239 1376 proprium
2298 1286 2507 1357 fuisse
2567 1286 2892 1357 videmus.

717 1404 867 1488 Qua
936 1404 1166 1473 aetate
1230 1425 1430 1494 saepe
1473 1403 1733 1472 factum
1776 1426 1921 1473 esse
1965 1406 2255 1490 constat,
2300 1408 2382 1473 ut
2426 1404 2723 1474 activum
2765 1428 2892 1495 pro

717 1519 936 1590 medio
1001 1542 1073 1588 se
1138 1520 1550 1606 insinuarem
1618 1519 2026 1589 Hatzidakis
2051 1521 2098 1608 ²)
2141 1520 2188 1588 1.
2239 1521 2285 1589 l.
2331 1544 2396 1610 p.
2448 1522 2606 1590 197:
2680 1520 2894 1608 „Eine

715 1639 1203 1709 unmittelbare
1268 1638 1482 1729 Folge
1551 1639 1674 1707 der
1739 1639 2126 1708 Konfusion
2192 1662 2327 1709 von
2406 1639 2688 1710 aktiven
2751 1640 2895 1709 und

716 1758 1050 1827 medialen
1109 1756 1403 1826 Formen
1466 1758 1563 1826 ist
1630 1757 1814 1827 wohl
1882 1757 2053 1826 auch
2119 1758 2239 1828 das
2293 1759 2706 1828 Ersoheinen
2773 1758 2892 1828 des

716 1875 1086 1945 Aktivums
1132 1873 1238 1960 da,
1284 1897 1388 1944 wo
1434 1896 1592 1942 man
1636 1873 1872 1942 friiher
1918 1873 2027 1943 die
2070 1874 2501 1945 Medialform
2544 1876 2894 1946 entweder

719 1992 928 2060 allein
959 1992 1123 2060 oder
1154 1991 1659 2080 vorzugsweise
1702 1991 2181 2080 gebrauchte“.
2271 1993 2621 2063 Eiusmodi
2664 1996 2895 2062 autem

716 2133 1116 2199 progressus
1176 2131 1576 2199 quamquam
1635 2109 1815 2197 apud
1856 2108 2300 2198 Apollonium
2355 2109 2527 2178 nihil
2579 2109 2713 2178 nisi
2754 2110 2894 2200 pri-

715 2226 980 2296 mordia
1020 2250 1145 2296 nos
1205 2226 1514 2296 invenire
1558 2225 1930 2295 verisimile
1991 2229 2118 2312 est,
2183 2230 2412 2297 tamen
2466 2227 2633 2296 haec
2676 2249 2896 2317 pauca

719 2368 869 2414 oum
911 2345 1406 2434 posterioribus
1467 2344 1877 2413 testimoniis
1937 2344 2416 2433 ooniungamus
2478 2344 2643 2413 lieet
2684 2346 2894 2432 atque

718 2464 1011 2551 oportet.
1104 2461 1360 2545 Quibus
1425 2462 1624 2531 rebus
1686 2465 1873 2531 recte
1919 2461 2290 2530 coniunctis
2352 2460 2478 2530 hoo
2540 2460 2885 2545 efficimus,

715 2583 795 2648 ut
838 2578 1111 2647 maximi
1169 2578 1359 2648 nobis
1423 2578 1562 2648 sint
1605 2578 1925 2648 momenti
1989 2582 2233 2669 poetae
2295 2578 2705 2664 testimonia,
2772 2577 2893 2648 ubi

715 2697 1052 2787 pedestris
1100 2697 1431 2768 orationis
1495 2682 1903 2788 scriptorum
1957 2720 2172 2787 paene
2216 2698 2480 2768 desunt.
2572 2697 2685 2768 Sic
2725 2719 2888 2765 usus

720 2814 1201 2884 intransitivus
1264 2814 1448 2884 vocis
1510 2819 1766 2883 κλίνειν
1808 2815 1865 2898 Ι,
1914 2816 2044 2882 452
2102 2820 2451 2895 κλίνοντος
2501 2817 2636 2883 ὑπὸ
2680 2817 2890 2901 ζόφον

715 2934 970 3018 ἠελίοιο
1017 2932 1269 3020 optime
1315 2931 1636 3021 congruit
1679 2954 1826 3000 oum
1856 2931 2144 3022 Polybio
2175 2933 2259 3020 (Ι,
2292 2933 2397 3018 63,
2421 2933 2498 3020 53
2547 2932 2684 3015 111,
2717 2932 2822 3022 93,
2847 2933 2890 2999 '7

716 3049 849 3135 ἅμα
878 3058 971 3137 τῷ
1016 3053 1237 3116 κλῖναι
1266 3051 1344 3117 τὸ
1372 3052 1600 3135 τρίτον
1642 3047 1842 3137 μέρος
1884 3059 2001 3136 τῆς
2043 3049 2309 3137 νυκτός)
2344 3052 2417 3118 et
2447 3049 2888 3139 scriptoribus

711 3166 875 3236 novi
906 3166 1331 3236 Testamenti
1363 3166 1544 3250 (Luc.
1572 3166 1632 3251 9,
1669 3165 1751 3233 12
1769 3190 1785 3253 ;
1833 3166 1939 3252 24,
1972 3166 2079 3251 29)
2102 3166 2185 3255 ⁸);
2235 3169 2313 3235 at
2339 3164 2727 3237 Herodotus
2760 3165 2887 3252 IV,

899 3391 952 3461 1)
990 3409 1038 3446 v.
1058 3390 1424 3460 τεκταίνομαι
1460 3389 1669 3460 passivi
1707 3405 1923 3461 quoque
1950 3406 2173 3446 munere
2210 3405 2379 3461 saepe
2413 3389 2664 3446 functum
2702 3396 2803 3461 est,
2841 3406 2887 3446 e.

713 3497 793 3552 gr.
833 3484 930 3536 Ar.
968 3481 1095 3552 Lys.
1137 3483 1272 3549 6743
1327 3480 1431 3549 Eq.
1471 3483 1594 3550 462,
1654 3496 1795 3549 quae
1845 3496 1935 3536 res
1986 3479 2136 3536 haud
2187 3481 2301 3538 scio
2338 3496 2411 3536 an
2448 3496 2550 3551 pro
2589 3496 2690 3537 sua
2725 3486 2891 3552 parte

714 3570 974 3639 effecerit,
1012 3575 1077 3625 ut
1111 3569 1349 3625 activum
1385 3568 1737 3626 formaretur.

892 3663 951 3731 2)
990 3659 1060 3715 cf.
1098 3659 1259 3715 Blass
1298 3659 1478 3715 Gram.
1520 3657 1617 3715 des
1654 3665 1802 3715 neut.
1844 3661 1936 3716 Gr.
1974 3678 2028 3732 p.
2071 3665 2188 3718 187.

892 3751 951 3824 3)
987 3748 1315 3805 Hatzidakis
1353 3748 1390 3805 1.
1428 3750 1464 3806 l.
1504 3766 1556 3819 p.
1576 3753 1713 3806 200:
1755 3767 1926 3822 „ganz
1965 3768 2026 3807 so
2065 3753 2206 3807 auch
2242 3753 2437 3808 heute:
2476 3748 2614 3807 κλίν’
2656 3747 2888 3822 ἡμέρα“,

714 3841 809 3912 qui
834 3841 938 3896 hac
966 3839 1035 3896 de
1059 3856 1122 3896 re
1147 3838 1409 3895 disseruit
1432 3840 1599 3895 haec:
1643 3840 1872 3911 „Dieser
1891 3842 2295 3910 Verwitterung
2320 3840 2421 3897 der
2443 3839 2892 3898 verschiedenen-

713 3932 898 3986 Activ-
935 3930 1049 3986 und
1084 3930 1508 3986 Medialformen
1544 3932 1621 3986 ist
1658 3946 1717 3986 es
1755 3931 1898 3986 wohl
1936 3932 2077 3986 auch
2123 3932 2567 4000 zuzuschreiben,
2617 3929 2724 3986 dass
2761 3945 2890 3984 man

712 4021 820 4077 seit
874 4018 972 4076 der
1026 4021 1241 4076 naohkl.
1281 4020 1404 4076 Zeit
1458 4021 1549 4077 die
1605 4021 1918 4077 Aktivform
1974 4020 2074 4077 der
2134 4021 2363 4077 meisten
2400 4020 2587 4077 Verba
2640 4019 2891 4088 zugleich

713 4111 972 4167 transitiv
998 4110 1131 4167 oder
1157 4111 1404 4168 causativ
1429 4110 1563 4167 oder
1601 4111 1918 4167 intransitiv
1947 4111 2268 4168 verwenden
2305 4111 2506 4167 kann“.
2584 4110 2797 4181 „Schon
2831 4108 2891 4163 in

712 4200 811 4257 der
846 4201 1019 4257 klass.
1057 4201 1180 4257 Zeit
1217 4200 1400 4258 finden
1438 4202 1554 4258 sich
1595 4202 1783 4257 solche
1821 4200 2145 4271 Beispiele“.
2220 4202 2308 4256 Ex
2336 4200 2625 4271 Apollonio
2662 4199 2769 4255 huc
2804 4214 2891 4256 re·

713 4290 945 4349 ferenda
982 4298 1111 4350 sunt
1148 4298 1365 4351 λείπειν
1400 4299 1457 4349 et
1491 4297 1717 4351 τείνειν.
