<?xml version="1.0" encoding="UTF-8"?>
<!DOCTYPE html PUBLIC "-//W3C//DTD XHTML 1.0 Transitional//EN"
    "http://www.w3.org/TR/xhtml1/DTD/xhtml1-transitional.dtd">
<html xmlns="http://www.w3.org/1999/xhtml" xml:lang="en" lang="en">
 <head>
  <title>
</title>
<meta http-equiv="Content-Type" content="text/html;charset=utf-8" />
  <meta name='ocr-system' content='tesseract 3.04.00' />
  <meta name='ocr-capabilities' content='ocr_page ocr_carea ocr_par ocr_line ocrx_word'/>
</head>
<body>
  <div class='ocr_page' id='page_1' title='image "./deapolloniirhod02boesgoog_0040.png"; bbox 0 0 3178 5200; ppageno 0'>
   <div class='ocr_carea' id='block_1_1' title="bbox 692 556 2881 3929">
    <p class='ocr_par' dir='ltr' id='par_1_1' title="bbox 695 556 2867 765">
     <span class='ocr_line' id='line_1_1' title="bbox 700 556 2867 649; baseline 0 -22"><span class='ocrx_word' id='word_1_1' title='bbox 700 558 779 627; x_wconf 82' lang='grc' dir='ltr'><strong><em>’νε</em></strong></span> <span class='ocrx_word' id='word_1_2' title='bbox 823 556 1289 646; x_wconf 76' lang='grc' dir='ltr'><strong><em>τανυσσαμένη</em></strong></span> <span class='ocrx_word' id='word_1_3' title='bbox 1331 569 1555 647; x_wconf 75' lang='grc' dir='ltr'><strong><em>κοῦφα</em></strong></span> <span class='ocrx_word' id='word_1_4' title='bbox 1601 559 1835 647; x_wconf 70' lang='grc' dir='ltr'><strong><em>πτερά)</em></strong></span> <span class='ocrx_word' id='word_1_5' title='bbox 1876 581 1999 648; x_wconf 84' lang='lat' dir='ltr'><strong>per</strong></span> <span class='ocrx_word' id='word_1_6' title='bbox 2041 557 2345 649; x_wconf 86' lang='lat' dir='ltr'><strong>ellipsem</strong></span> <span class='ocrx_word' id='word_1_7' title='bbox 2390 556 2636 630; x_wconf 69' lang='lat' dir='ltr'><strong>vooum&#39;</strong></span> <span class='ocrx_word' id='word_1_8' title='bbox 2668 560 2867 629; x_wconf 69' lang='grc' dir='ltr'><strong><em>πέλα-</em></strong></span> 
     </span>
     <span class='ocr_line' id='line_1_2' title="bbox 695 673 2091 765; baseline 0 -21"><span class='ocrx_word' id='word_1_9' title='bbox 695 700 830 762; x_wconf 78' lang='grc' dir='ltr'><strong><em>γος,</em></strong></span> <span class='ocrx_word' id='word_1_10' title='bbox 877 677 1058 758; x_wconf 85' lang='grc' dir='ltr'><strong><em>ὁδόν,</em></strong></span> <span class='ocrx_word' id='word_1_11' title='bbox 1105 677 1363 762; x_wconf 82' lang='grc' dir='ltr'><strong><em>κύματα</em></strong></span> <span class='ocrx_word' id='word_1_12' title='bbox 1403 673 1869 765; x_wconf 83' lang='lat' dir='ltr'><strong>intellegenda</strong></span> <span class='ocrx_word' id='word_1_13' title='bbox 1912 678 2091 744; x_wconf 78' lang='lat' dir='ltr'><strong>sunt.</strong></span> 
     </span>
    </p>

    <p class='ocr_par' dir='ltr' id='par_1_2' title="bbox 692 792 2881 3929">
     <span class='ocr_line' id='line_1_3' title="bbox 863 792 2868 884; baseline 0.001 -22"><span class='ocrx_word' id='word_1_14' title='bbox 863 792 1166 862; x_wconf 82' lang='lat' dir='ltr'>Verbum</span> <span class='ocrx_word' id='word_1_15' title='bbox 1193 794 1407 861; x_wconf 77' lang='grc' dir='ltr'><strong><em>αὐδᾶν</em></strong></span> <span class='ocrx_word' id='word_1_16' title='bbox 1435 795 1520 862; x_wconf 87' lang='lat' dir='ltr'><strong>ab</strong></span> <span class='ocrx_word' id='word_1_17' title='bbox 1538 792 1906 883; x_wconf 90' lang='lat' dir='ltr'><strong>Apollonio</strong></span> <span class='ocrx_word' id='word_1_18' title='bbox 1935 792 2307 863; x_wconf 82' lang='lat' dir='ltr'><strong>transitive</strong></span> <span class='ocrx_word' id='word_1_19' title='bbox 2339 796 2687 884; x_wconf 80' lang='lat' dir='ltr'><strong>aooeptum</strong></span> <span class='ocrx_word' id='word_1_20' title='bbox 2718 816 2868 864; x_wconf 84' lang='lat' dir='ltr'><strong>esse</strong></span> 
     </span>
     <span class='ocr_line' id='line_1_4' title="bbox 693 909 2868 1000; baseline 0.002 -24"><span class='ocrx_word' id='word_1_21' title='bbox 693 910 830 979; x_wconf 86' lang='lat' dir='ltr'><strong>iam</strong></span> <span class='ocrx_word' id='word_1_22' title='bbox 872 932 1082 1000; x_wconf 77' lang='lat' dir='ltr'><strong>supra</strong></span> <span class='ocrx_word' id='word_1_23' title='bbox 1127 912 1719 979; x_wconf 83' lang='lat' dir='ltr'><strong>commemoratum</strong></span> <span class='ocrx_word' id='word_1_24' title='bbox 1750 912 1891 993; x_wconf 80' lang='lat' dir='ltr'><strong>est3</strong></span> <span class='ocrx_word' id='word_1_25' title='bbox 1938 909 2173 980; x_wconf 84' lang='lat' dir='ltr'><strong>eodem</strong></span> <span class='ocrx_word' id='word_1_26' title='bbox 2215 909 2409 978; x_wconf 85' lang='lat' dir='ltr'><strong>modo</strong></span> <span class='ocrx_word' id='word_1_27' title='bbox 2441 912 2646 979; x_wconf 83' lang='lat' dir='ltr'><strong>verba</strong></span> <span class='ocrx_word' id='word_1_28' title='bbox 2675 909 2868 1000; x_wconf 83' lang='lat' dir='ltr'><strong>epioa</strong></span> 
     </span>
     <span class='ocr_line' id='line_1_5' title="bbox 693 1025 2870 1116; baseline 0 -23"><span class='ocrx_word' id='word_1_29' title='bbox 693 1025 1047 1094; x_wconf 82' lang='grc' dir='ltr'><strong><em>κέκλεσθαι</em></strong></span> <span class='ocrx_word' id='word_1_30' title='bbox 1076 1026 1227 1116; x_wconf 89' lang='lat' dir='ltr'><strong>(IV,</strong></span> <span class='ocrx_word' id='word_1_31' title='bbox 1246 1027 1394 1112; x_wconf 80' lang='lat'><strong>236,</strong></span> <span class='ocrx_word' id='word_1_32' title='bbox 1420 1027 1638 1111; x_wconf 85' lang='grc'><strong>1717),</strong></span> <span class='ocrx_word' id='word_1_33' title='bbox 1674 1029 1921 1094; x_wconf 75' lang='grc' dir='ltr'><strong><em>κλείειν</em></strong></span> <span class='ocrx_word' id='word_1_34' title='bbox 1948 1027 2331 1113; x_wconf 79' lang='grc' dir='ltr'><strong><em>ἐπικλειέιν,</em></strong></span> <span class='ocrx_word' id='word_1_35' title='bbox 2367 1026 2648 1113; x_wconf 67' lang='grc' dir='ltr'><strong><em>ἐνέπειν,</em></strong></span> <span class='ocrx_word' id='word_1_36' title='bbox 2681 1028 2870 1095; x_wconf 80' lang='grc' dir='ltr'><strong><em>ἴσκεν</em></strong></span> 
     </span>
     <span class='ocr_line' id='line_1_6' title="bbox 695 1142 2869 1231; baseline 0 -18"><span class='ocrx_word' id='word_1_37' title='bbox 695 1142 844 1231; x_wconf 83' lang='lat' dir='ltr'>(IV,</span> <span class='ocrx_word' id='word_1_38' title='bbox 868 1143 1039 1212; x_wconf 82' lang='lat'>1718</span> <span class='ocrx_word' id='word_1_39' title='bbox 1075 1144 1365 1231; x_wconf 78' lang='grc' dir='ltr'><strong><em>Ἀνάφην</em></strong></span> <span class='ocrx_word' id='word_1_40' title='bbox 1409 1143 1490 1211; x_wconf 98' lang='grc' dir='ltr'><strong>δέ</strong></span> <span class='ocrx_word' id='word_1_41' title='bbox 1528 1168 1600 1211; x_wconf 96' lang='grc' dir='ltr'><strong>τε</strong></span> <span class='ocrx_word' id='word_1_42' title='bbox 1641 1144 1924 1211; x_wconf 86' lang='grc' dir='ltr'><strong><em>λισσάδα</em></strong></span> <span class='ocrx_word' id='word_1_43' title='bbox 1970 1153 2182 1230; x_wconf 84' lang='grc' dir='ltr'><strong><em>νῆσον</em></strong></span> <span class='ocrx_word' id='word_1_44' title='bbox 2224 1144 2441 1231; x_wconf 77' lang='grc' dir='ltr'><strong><em>ἴσκον)</em></strong></span> <span class='ocrx_word' id='word_1_45' title='bbox 2491 1145 2670 1212; x_wconf 90' lang='lat' dir='ltr'><strong>omni</strong></span> <span class='ocrx_word' id='word_1_46' title='bbox 2713 1166 2869 1213; x_wconf 88' lang='lat' dir='ltr'><strong>ver·</strong></span> 
     </span>
     <span class='ocr_line' id='line_1_7' title="bbox 692 1260 2868 1351; baseline 0.001 -24"><span class='ocrx_word' id='word_1_47' title='bbox 692 1261 931 1328; x_wconf 88' lang='lat' dir='ltr'><strong>borum</strong></span> <span class='ocrx_word' id='word_1_48' title='bbox 974 1260 1255 1345; x_wconf 83' lang='lat' dir='ltr'><strong>dicendi,</strong></span> <span class='ocrx_word' id='word_1_49' title='bbox 1332 1260 1719 1351; x_wconf 86' lang='lat' dir='ltr'><strong>appellandi</strong></span> <span class='ocrx_word' id='word_1_50' title='bbox 1767 1261 1839 1331; x_wconf 82' lang='lat' dir='ltr'><strong>vi</strong></span> <span class='ocrx_word' id='word_1_51' title='bbox 1881 1260 2234 1330; x_wconf 85' lang='lat' dir='ltr'><strong>instruxit.</strong></span> <span class='ocrx_word' id='word_1_52' title='bbox 2325 1260 2474 1345; x_wconf 79' lang='lat' dir='ltr'><strong>Quo</strong></span> <span class='ocrx_word' id='word_1_53' title='bbox 2547 1261 2755 1331; x_wconf 88' lang='lat' dir='ltr'><strong>etiam</strong></span> <span class='ocrx_word' id='word_1_54' title='bbox 2800 1285 2868 1331; x_wconf 82' lang='lat' dir='ltr'><strong>v.</strong></span> 
     </span>
     <span class='ocr_line' id='line_1_8' title="bbox 695 1375 2869 1466; baseline 0 -21"><span class='ocrx_word' id='word_1_55' title='bbox 695 1389 951 1463; x_wconf 79' lang='grc' dir='ltr'><strong><em>φωνεῖν</em></strong></span> <span class='ocrx_word' id='word_1_56' title='bbox 980 1375 1407 1446; x_wconf 81' lang='lat' dir='ltr'><strong>referendum</strong></span> <span class='ocrx_word' id='word_1_57' title='bbox 1452 1380 1592 1446; x_wconf 87' lang='lat' dir='ltr'><strong>est:</strong></span> <span class='ocrx_word' id='word_1_58' title='bbox 1640 1376 1770 1463; x_wconf 85' lang='lat'>111,</span> <span class='ocrx_word' id='word_1_59' title='bbox 1794 1377 1922 1444; x_wconf 81' lang='lat'><strong>673</strong></span> <span class='ocrx_word' id='word_1_60' title='bbox 1969 1378 2059 1457; x_wconf 80' lang='grc' dir='ltr'><strong>ὡς</strong></span> <span class='ocrx_word' id='word_1_61' title='bbox 2089 1376 2148 1445; x_wconf 78' lang='grc' dir='ltr'><strong>δ’</strong></span> <span class='ocrx_word' id='word_1_62' title='bbox 2183 1380 2284 1446; x_wconf 76' lang='grc' dir='ltr'><strong><em>ἴδε</em></strong></span> <span class='ocrx_word' id='word_1_63' title='bbox 2332 1379 2661 1466; x_wconf 82' lang='grc' dir='ltr'><strong><em>δάκρυσιν</em></strong></span> <span class='ocrx_word' id='word_1_64' title='bbox 2707 1380 2869 1446; x_wconf 81' lang='grc' dir='ltr'><strong><em>ὄσσε</em></strong></span> 
     </span>
     <span class='ocr_line' id='line_1_9' title="bbox 695 1492 2873 1585; baseline 0.001 -24"><span class='ocrx_word' id='word_1_65' title='bbox 695 1494 1088 1582; x_wconf 75' lang='grc' dir='ltr'><strong><em>πεφυρμένα</em></strong></span> <span class='ocrx_word' id='word_1_66' title='bbox 1151 1492 1466 1581; x_wconf 81' lang='grc' dir='ltr'><strong><em>φώνησέν</em></strong></span> <span class='ocrx_word' id='word_1_67' title='bbox 1509 1520 1646 1579; x_wconf 91' lang='grc' dir='ltr'><strong><em>μιν.</em></strong></span> <span class='ocrx_word' id='word_1_68' title='bbox 1741 1493 1939 1578; x_wconf 79' lang='lat' dir='ltr'><strong>Quod</strong></span> <span class='ocrx_word' id='word_1_69' title='bbox 1983 1496 2265 1564; x_wconf 84' lang='lat' dir='ltr'><strong>verbum</strong></span> <span class='ocrx_word' id='word_1_70' title='bbox 2310 1500 2470 1565; x_wconf 74' lang='lat' dir='ltr'><strong>ante</strong></span> <span class='ocrx_word' id='word_1_71' title='bbox 2515 1493 2873 1585; x_wconf 89' lang='lat' dir='ltr'><strong>Apollonii</strong></span> 
     </span>
     <span class='ocr_line' id='line_1_10' title="bbox 696 1610 2872 1703; baseline 0 -23"><span class='ocrx_word' id='word_1_72' title='bbox 696 1613 1007 1701; x_wconf 82' lang='lat' dir='ltr'><strong>tempora</strong></span> <span class='ocrx_word' id='word_1_73' title='bbox 1048 1610 1222 1680; x_wconf 87' lang='lat' dir='ltr'><strong>hano</strong></span> <span class='ocrx_word' id='word_1_74' title='bbox 1265 1612 1403 1679; x_wconf 87' lang='lat' dir='ltr'><strong>vim</strong></span> <span class='ocrx_word' id='word_1_75' title='bbox 1444 1611 1715 1680; x_wconf 90' lang='lat' dir='ltr'><strong>minime</strong></span> <span class='ocrx_word' id='word_1_76' title='bbox 1759 1611 2115 1698; x_wconf 86' lang='lat' dir='ltr'><strong>habuerat,</strong></span> <span class='ocrx_word' id='word_1_77' title='bbox 2161 1633 2561 1703; x_wconf 87' lang='lat' dir='ltr'><strong>quamquam</strong></span> <span class='ocrx_word' id='word_1_78' title='bbox 2606 1634 2872 1702; x_wconf 79' lang='lat' dir='ltr'><strong>semper</strong></span> 
     </span>
     <span class='ocr_line' id='line_1_11' title="bbox 699 1727 2871 1820; baseline 0.001 -24"><span class='ocrx_word' id='word_1_79' title='bbox 699 1728 1118 1797; x_wconf 81' lang='lat' dir='ltr'><strong>accusativus</strong></span> <span class='ocrx_word' id='word_1_80' title='bbox 1150 1728 1570 1820; x_wconf 76' lang='lat' dir='ltr'><strong>appositivus</strong></span> <span class='ocrx_word' id='word_1_81' title='bbox 1605 1728 1721 1818; x_wconf 89' lang='lat' dir='ltr'><strong>qui</strong></span> <span class='ocrx_word' id='word_1_82' title='bbox 1752 1728 2003 1797; x_wconf 82' lang='lat' dir='ltr'><strong>dicitur</strong></span> <span class='ocrx_word' id='word_1_83' title='bbox 2047 1727 2206 1798; x_wconf 80' lang='lat' dir='ltr'><strong>addi</strong></span> <span class='ocrx_word' id='word_1_84' title='bbox 2249 1732 2541 1819; x_wconf 76' lang='lat' dir='ltr'><strong>poterat.</strong></span> <span class='ocrx_word' id='word_1_85' title='bbox 2631 1728 2871 1819; x_wconf 89' lang='lat' dir='ltr'><strong>Neque</strong></span> 
     </span>
     <span class='ocr_line' id='line_1_12' title="bbox 699 1844 2872 1936; baseline 0 -22"><span class='ocrx_word' id='word_1_86' title='bbox 699 1844 876 1914; x_wconf 88' lang='lat' dir='ltr'><strong>enim</strong></span> <span class='ocrx_word' id='word_1_87' title='bbox 921 1845 1121 1936; x_wconf 85' lang='lat' dir='ltr'><strong>Soph.</strong></span> <span class='ocrx_word' id='word_1_88' title='bbox 1161 1845 1274 1914; x_wconf 88' lang='lat' dir='ltr'><strong>Ai.</strong></span> <span class='ocrx_word' id='word_1_89' title='bbox 1308 1847 1392 1914; x_wconf 83' lang='lat'><strong>73</strong></span> <span class='ocrx_word' id='word_1_90' title='bbox 1438 1852 1696 1913; x_wconf 74' lang='grc' dir='ltr'><strong><em>Αἴαντα</em></strong></span> <span class='ocrx_word' id='word_1_91' title='bbox 1753 1857 1961 1933; x_wconf 78' lang='grc' dir='ltr'><strong><em>φωνῶ</em></strong></span> <span class='ocrx_word' id='word_1_92' title='bbox 2020 1868 2237 1935; x_wconf 89' lang='lat' dir='ltr'><strong>neque</strong></span> <span class='ocrx_word' id='word_1_93' title='bbox 2283 1845 2486 1936; x_wconf 86' lang='lat' dir='ltr'><strong>Soph.</strong></span> <span class='ocrx_word' id='word_1_94' title='bbox 2531 1846 2707 1914; x_wconf 91' lang='lat' dir='ltr'><strong>Phil.</strong></span> <span class='ocrx_word' id='word_1_95' title='bbox 2741 1846 2872 1914; x_wconf 83' lang='lat'><strong>229</strong></span> 
     </span>
     <span class='ocr_line' id='line_1_13' title="bbox 699 1962 2872 2052; baseline 0 -22"><span class='ocrx_word' id='word_1_96' title='bbox 699 1963 839 2030; x_wconf 81' lang='grc' dir='ltr'><strong><em>ἄλλ’</em></strong></span> <span class='ocrx_word' id='word_1_97' title='bbox 890 1965 1294 2043; x_wconf 78' lang='grc' dir='ltr'><strong><em>οἰκτίσαντες</em></strong></span> <span class='ocrx_word' id='word_1_98' title='bbox 1337 1965 1550 2052; x_wconf 76' lang='grc' dir='ltr'><strong><em>ἄνδρα</em></strong></span> <span class='ocrx_word' id='word_1_99' title='bbox 1589 1964 1923 2049; x_wconf 75' lang='grc' dir='ltr'><strong><em>δύστηνον</em></strong></span> <span class='ocrx_word' id='word_1_100' title='bbox 1951 1966 2164 2049; x_wconf 86' lang='grc' dir='ltr'><strong><em>μόνον</em></strong></span> <span class='ocrx_word' id='word_1_101' title='bbox 2202 2002 2286 2015; x_wconf 92' lang='lat'><strong>-—</strong></span> <span class='ocrx_word' id='word_1_102' title='bbox 2317 1962 2648 2051; x_wconf 59' lang='lat' dir='ltr'><strong>‹pm&#39;vvjaoev&#39;</strong></span> <span class='ocrx_word' id='word_1_103' title='bbox 2685 1965 2872 2052; x_wconf 74' lang='grc' dir='ltr'><strong><em>εἴπερ</em></strong></span> 
     </span>
     <span class='ocr_line' id='line_1_14' title="bbox 701 2079 2873 2171; baseline 0.001 -24"><span class='ocrx_word' id='word_1_104' title='bbox 701 2081 792 2159; x_wconf 76' lang='grc' dir='ltr'><strong>ὡς</strong></span> <span class='ocrx_word' id='word_1_105' title='bbox 835 2083 1024 2166; x_wconf 89' lang='grc' dir='ltr'><strong><em>φίλοι</em></strong></span> <span class='ocrx_word' id='word_1_106' title='bbox 1066 2084 1419 2168; x_wconf 75' lang='grc' dir='ltr'><strong><em>προςήκετε</em></strong></span> <span class='ocrx_word' id='word_1_107' title='bbox 1465 2082 1746 2149; x_wconf 84' lang='lat' dir='ltr'><strong>verbum</strong></span> <span class='ocrx_word' id='word_1_108' title='bbox 1794 2092 2048 2167; x_wconf 86' lang='grc' dir='ltr'><strong><em>φωνεῖν</em></strong></span> <span class='ocrx_word' id='word_1_109' title='bbox 2090 2080 2280 2150; x_wconf 84' lang='lat' dir='ltr'><strong>illam</strong></span> <span class='ocrx_word' id='word_1_110' title='bbox 2323 2079 2711 2171; x_wconf 83' lang='lat' dir='ltr'><strong>alloquendi</strong></span> <span class='ocrx_word' id='word_1_111' title='bbox 2751 2104 2873 2150; x_wconf 90' lang='lat' dir='ltr'><strong>no-</strong></span> 
     </span>
     <span class='ocr_line' id='line_1_15' title="bbox 699 2196 2869 2285; baseline 0.001 -20"><span class='ocrx_word' id='word_1_112' title='bbox 699 2197 955 2265; x_wconf 80' lang='lat' dir='ltr'><strong>tionem</strong></span> <span class='ocrx_word' id='word_1_113' title='bbox 1021 2196 1318 2285; x_wconf 74' lang='lat' dir='ltr'><strong>habet1).</strong></span> <span class='ocrx_word' id='word_1_114' title='bbox 1424 2197 1528 2266; x_wconf 88' lang='lat' dir='ltr'><strong>At</strong></span> <span class='ocrx_word' id='word_1_115' title='bbox 1588 2197 1661 2264; x_wconf 91' lang='lat' dir='ltr'><strong>in</strong></span> <span class='ocrx_word' id='word_1_116' title='bbox 1705 2197 1792 2266; x_wconf 91' lang='lat' dir='ltr'><strong>N.</strong></span> <span class='ocrx_word' id='word_1_117' title='bbox 1841 2198 1919 2266; x_wconf 84' lang='grc' dir='ltr'><strong>Τ.</strong></span> <span class='ocrx_word' id='word_1_118' title='bbox 1966 2198 2343 2267; x_wconf 75' lang='lat' dir='ltr'>invenimus</span> <span class='ocrx_word' id='word_1_119' title='bbox 2409 2197 2580 2268; x_wconf 87' lang='lat' dir='ltr'><strong>talia</strong></span> <span class='ocrx_word' id='word_1_120' title='bbox 2622 2198 2869 2269; x_wconf 72' lang='lat' dir='ltr'><strong>Matth.</strong></span> 
     </span>
     <span class='ocr_line' id='line_1_16' title="bbox 700 2306 2870 2402; baseline 0.002 -22"><span class='ocrx_word' id='word_1_121' title='bbox 700 2314 806 2399; x_wconf 83' lang='lat'><strong>20,</strong></span> <span class='ocrx_word' id='word_1_122' title='bbox 855 2313 972 2382; x_wconf 81' lang='lat'><strong>32:</strong></span> <span class='ocrx_word' id='word_1_123' title='bbox 1038 2312 1148 2382; x_wconf 84' lang='grc' dir='ltr'><strong>καὶ</strong></span> <span class='ocrx_word' id='word_1_124' title='bbox 1196 2315 1354 2393; x_wconf 77' lang='grc' dir='ltr'><strong><em>στὰς</em></strong></span> <span class='ocrx_word' id='word_1_125' title='bbox 1397 2314 1434 2381; x_wconf 85' lang='grc' dir='ltr'>ὁ</span> <span class='ocrx_word' id='word_1_126' title='bbox 1482 2314 1735 2400; x_wconf 78' lang='grc' dir='ltr'><strong><em>Ἰησοῦς</em></strong></span> <span class='ocrx_word' id='word_1_127' title='bbox 1799 2306 2148 2402; x_wconf 77' lang='grc' dir='ltr'><strong><em>ἐφώνησεν</em></strong></span> <span class='ocrx_word' id='word_1_128' title='bbox 2210 2315 2453 2395; x_wconf 82' lang='grc' dir='ltr'><strong><em>αὐτοὺς</em></strong></span> <span class='ocrx_word' id='word_1_129' title='bbox 2495 2314 2604 2383; x_wconf 81' lang='grc' dir='ltr'><strong>καὶ</strong></span> <span class='ocrx_word' id='word_1_130' title='bbox 2651 2311 2870 2402; x_wconf 58' lang='grc' dir='ltr'><strong><em>εἴπης</em></strong></span> 
     </span>
     <span class='ocr_line' id='line_1_17' title="bbox 700 2429 2873 2519; baseline 0.001 -20"><span class='ocrx_word' id='word_1_131' title='bbox 700 2429 799 2499; x_wconf 62' lang='grc' dir='ltr'><strong>οἱ.</strong></span> <span class='ocrx_word' id='word_1_132' title='bbox 840 2431 1047 2500; x_wconf 83' lang='lat' dir='ltr'><strong>Maro.</strong></span> <span class='ocrx_word' id='word_1_133' title='bbox 1095 2432 1157 2515; x_wconf 89' lang='lat'><strong>4,</strong></span> <span class='ocrx_word' id='word_1_134' title='bbox 1205 2431 1322 2518; x_wconf 78' lang='lat'><strong>353</strong></span> <span class='ocrx_word' id='word_1_135' title='bbox 1393 2431 1554 2501; x_wconf 82' lang='lat' dir='ltr'><strong>Luc.</strong></span> <span class='ocrx_word' id='word_1_136' title='bbox 1607 2431 1709 2517; x_wconf 84' lang='grc'><strong>16,</strong></span> <span class='ocrx_word' id='word_1_137' title='bbox 1755 2432 1834 2518; x_wconf 81' lang='grc'><strong>2;</strong></span> <span class='ocrx_word' id='word_1_138' title='bbox 1894 2432 2050 2501; x_wconf 86' lang='lat' dir='ltr'><strong>Joh.</strong></span> <span class='ocrx_word' id='word_1_139' title='bbox 2096 2432 2159 2517; x_wconf 82' lang='lat'><strong>4,</strong></span> <span class='ocrx_word' id='word_1_140' title='bbox 2208 2433 2328 2519; x_wconf 79' lang='lat'><strong>163</strong></span> <span class='ocrx_word' id='word_1_141' title='bbox 2397 2430 2705 2518; x_wconf 76' lang='lat' dir='ltr'><strong>Joh,&#39;13,</strong></span> <span class='ocrx_word' id='word_1_142' title='bbox 2755 2433 2873 2501; x_wconf 82' lang='lat'><strong>13:</strong></span> 
     </span>
     <span class='ocr_line' id='line_1_18' title="bbox 701 2547 2878 2640; baseline 0.001 -23"><span class='ocrx_word' id='word_1_143' title='bbox 701 2549 892 2635; x_wconf 81' lang='grc' dir='ltr'><strong><em>ὑμεῖς</em></strong></span> <span class='ocrx_word' id='word_1_144' title='bbox 951 2547 1239 2637; x_wconf 82' lang='grc' dir='ltr'><strong><em>φωνεῖτέ</em></strong></span> <span class='ocrx_word' id='word_1_145' title='bbox 1278 2569 1389 2634; x_wconf 87' lang='grc' dir='ltr'><strong><em>με·</em></strong></span> <span class='ocrx_word' id='word_1_146' title='bbox 1438 2549 1475 2617; x_wconf 86' lang='grc' dir='ltr'>ὁ</span> <span class='ocrx_word' id='word_1_147' title='bbox 1522 2550 1959 2638; x_wconf 79' lang='grc' dir='ltr'><strong><em>διδάσκαλος;</em></strong></span> <span class='ocrx_word' id='word_1_148' title='bbox 2024 2555 2095 2620; x_wconf 89' lang='lat' dir='ltr'><strong>et</strong></span> <span class='ocrx_word' id='word_1_149' title='bbox 2139 2550 2389 2640; x_wconf 85' lang='lat' dir='ltr'><strong>Aesop.</strong></span> <span class='ocrx_word' id='word_1_150' title='bbox 2437 2549 2572 2620; x_wconf 83' lang='lat' dir='ltr'><strong>fab.</strong></span> <span class='ocrx_word' id='word_1_151' title='bbox 2621 2550 2750 2639; x_wconf 84' lang='lat' dir='ltr'><strong>(ed.</strong></span> <span class='ocrx_word' id='word_1_152' title='bbox 2800 2550 2878 2620; x_wconf 80' lang='lat' dir='ltr'><strong>T.</strong></span> 
     </span>
     <span class='ocr_line' id='line_1_19' title="bbox 704 2665 2878 2755; baseline 0.001 -20"><span class='ocrx_word' id='word_1_153' title='bbox 704 2689 768 2755; x_wconf 88' lang='lat' dir='ltr'><strong>p.</strong></span> <span class='ocrx_word' id='word_1_154' title='bbox 815 2666 930 2753; x_wconf 84' lang='lat'><strong>43)</strong></span> <span class='ocrx_word' id='word_1_155' title='bbox 972 2665 1294 2754; x_wconf 83' lang='lat' dir='ltr'><strong>legimus:</strong></span> <span class='ocrx_word' id='word_1_156' title='bbox 1343 2668 1668 2753; x_wconf 88' lang='grc' dir='ltr'><strong><em>φώνησον</em></strong></span> <span class='ocrx_word' id='word_1_157' title='bbox 1711 2670 1830 2736; x_wconf 86' lang='grc' dir='ltr'><strong><em>τὸν</em></strong></span> <span class='ocrx_word' id='word_1_158' title='bbox 1874 2669 2396 2755; x_wconf 72' lang='grc' dir='ltr'><strong><em>παραμονάριον,</em></strong></span> <span class='ocrx_word' id='word_1_159' title='bbox 2440 2667 2717 2738; x_wconf 64' lang='lat' dir='ltr'><strong>notione</strong></span> <span class='ocrx_word' id='word_1_160' title='bbox 2761 2667 2878 2740; x_wconf 81' lang='lat' dir='ltr'><strong>ad-</strong></span> 
     </span>
     <span class='ocr_line' id='line_1_20' title="bbox 703 2783 2881 2874; baseline 0.001 -21"><span class='ocrx_word' id='word_1_161' title='bbox 703 2783 1010 2853; x_wconf 80' lang='lat' dir='ltr'><strong>vocandi.</strong></span> <span class='ocrx_word' id='word_1_162' title='bbox 1103 2784 1236 2868; x_wconf 81' lang='lat' dir='ltr'><strong>Qui</strong></span> <span class='ocrx_word' id='word_1_163' title='bbox 1266 2784 1461 2852; x_wconf 85' lang='lat' dir='ltr'><strong>verbi</strong></span> <span class='ocrx_word' id='word_1_164' title='bbox 1506 2806 1666 2853; x_wconf 84' lang='lat' dir='ltr'><strong>usus</strong></span> <span class='ocrx_word' id='word_1_165' title='bbox 1697 2784 2063 2874; x_wconf 89' lang='lat' dir='ltr'><strong>Apollonio</strong></span> <span class='ocrx_word' id='word_1_166' title='bbox 2107 2785 2290 2855; x_wconf 85' lang='lat' dir='ltr'><strong>haud</strong></span> <span class='ocrx_word' id='word_1_167' title='bbox 2330 2785 2626 2855; x_wconf 87' lang='lat' dir='ltr'><strong>insolens</strong></span> <span class='ocrx_word' id='word_1_168' title='bbox 2672 2786 2881 2855; x_wconf 87' lang='lat' dir='ltr'><strong>fuisse</strong></span> 
     </span>
     <span class='ocr_line' id='line_1_21' title="bbox 703 2900 2879 2990; baseline 0 -20"><span class='ocrx_word' id='word_1_169' title='bbox 703 2900 1001 2985; x_wconf 83' lang='lat' dir='ltr'><strong>videtur,</strong></span> <span class='ocrx_word' id='word_1_170' title='bbox 1081 2900 1239 2990; x_wconf 87' lang='lat' dir='ltr'><strong>quia</strong></span> <span class='ocrx_word' id='word_1_171' title='bbox 1298 2913 1728 2989; x_wconf 88' lang='grc' dir='ltr'><strong><em>μεταφωνεῖν</em></strong></span> <span class='ocrx_word' id='word_1_172' title='bbox 1789 2901 1870 2988; x_wconf 82' lang='lat'><strong>(1,</strong></span> <span class='ocrx_word' id='word_1_173' title='bbox 1920 2902 2049 2970; x_wconf 84' lang='lat'><strong>702</strong></span> <span class='ocrx_word' id='word_1_174' title='bbox 2106 2902 2400 2990; x_wconf 83' lang='grc' dir='ltr'><strong><em>Ἰφινόην</em></strong></span> <span class='ocrx_word' id='word_1_175' title='bbox 2463 2905 2879 2990; x_wconf 79' lang='grc' dir='ltr'><strong><em>μετεφώνεεν</em></strong></span> 
     </span>
     <span class='ocr_line' id='line_1_22' title="bbox 705 3013 2881 3109; baseline 0.002 -23"><span class='ocrx_word' id='word_1_176' title='bbox 705 3013 917 3087; x_wconf 81' lang='grc' dir='ltr'><strong><em>ἆσσον</em></strong></span> <span class='ocrx_word' id='word_1_177' title='bbox 947 3018 1218 3106; x_wconf 86' lang='grc' dir='ltr'><strong><em>ἐοῦσαν)</em></strong></span> <span class='ocrx_word' id='word_1_178' title='bbox 1264 3020 1547 3087; x_wconf 86' lang='lat' dir='ltr'><strong>verbum</strong></span> <span class='ocrx_word' id='word_1_179' title='bbox 1581 3041 1762 3088; x_wconf 83' lang='lat' dir='ltr'><strong>mere</strong></span> <span class='ocrx_word' id='word_1_180' title='bbox 1794 3020 2053 3109; x_wconf 81' lang='lat' dir='ltr'><strong>epicum</strong></span> <span class='ocrx_word' id='word_1_181' title='bbox 2094 3042 2310 3109; x_wconf 88' lang='lat' dir='ltr'><strong>neque</strong></span> <span class='ocrx_word' id='word_1_182' title='bbox 2356 3019 2564 3088; x_wconf 76' lang='lat' dir='ltr'><strong>aliter</strong></span> <span class='ocrx_word' id='word_1_183' title='bbox 2610 3042 2690 3089; x_wconf 85' lang='lat' dir='ltr'><strong>ao</strong></span> <span class='ocrx_word' id='word_1_184' title='bbox 2732 3043 2881 3090; x_wconf 88' lang='lat' dir='ltr'><strong>oum</strong></span> 
     </span>
     <span class='ocr_line' id='line_1_23' title="bbox 704 3135 2881 3227; baseline 0.001 -23"><span class='ocrx_word' id='word_1_185' title='bbox 704 3135 843 3205; x_wconf 85' lang='lat' dir='ltr'><strong>dat.</strong></span> <span class='ocrx_word' id='word_1_186' title='bbox 877 3136 1055 3225; x_wconf 87' lang='lat' dir='ltr'><strong>plur.</strong></span> <span class='ocrx_word' id='word_1_187' title='bbox 1087 3157 1399 3224; x_wconf 90' lang='lat' dir='ltr'><strong>umquam</strong></span> <span class='ocrx_word' id='word_1_188' title='bbox 1431 3138 1516 3205; x_wconf 90' lang='lat' dir='ltr'><strong>ab</strong></span> <span class='ocrx_word' id='word_1_189' title='bbox 1548 3136 1845 3205; x_wconf 81' lang='lat' dir='ltr'>Homero</span> <span class='ocrx_word' id='word_1_190' title='bbox 1876 3140 2279 3227; x_wconf 83' lang='lat' dir='ltr'><strong>usurpatum</strong></span> <span class='ocrx_word' id='word_1_191' title='bbox 2319 3160 2443 3227; x_wconf 88' lang='lat' dir='ltr'><strong>per</strong></span> <span class='ocrx_word' id='word_1_192' title='bbox 2495 3137 2881 3206; x_wconf 77' lang='lat' dir='ltr'><strong>abusionem</strong></span> 
     </span>
     <span class='ocr_line' id='line_1_24' title="bbox 701 3252 2881 3345; baseline 0.002 -25"><span class='ocrx_word' id='word_1_193' title='bbox 701 3275 890 3321; x_wconf 84' lang='lat' dir='ltr'><strong>more</strong></span> <span class='ocrx_word' id='word_1_194' title='bbox 935 3253 1126 3322; x_wconf 85' lang='lat' dir='ltr'><strong>verbi</strong></span> <span class='ocrx_word' id='word_1_195' title='bbox 1183 3265 1439 3338; x_wconf 81' lang='grc' dir='ltr'><strong><em>φωνεῖν</em></strong></span> <span class='ocrx_word' id='word_1_196' title='bbox 1507 3252 1820 3324; x_wconf 73' lang='lat' dir='ltr'><strong>adhibuit</strong></span> <span class='ocrx_word' id='word_1_197' title='bbox 1836 3254 1906 3341; x_wconf 72' lang='grc'><strong>2).</strong></span> <span class='ocrx_word' id='word_1_198' title='bbox 1996 3254 2130 3323; x_wconf 84' lang='lat' dir='ltr'><strong>Hie</strong></span> <span class='ocrx_word' id='word_1_199' title='bbox 2189 3253 2445 3324; x_wconf 80' lang='lat' dir='ltr'><strong>factum</strong></span> <span class='ocrx_word' id='word_1_200' title='bbox 2508 3258 2634 3341; x_wconf 80' lang='lat' dir='ltr'><strong>est,</strong></span> <span class='ocrx_word' id='word_1_201' title='bbox 2700 3254 2881 3345; x_wconf 85' lang='lat' dir='ltr'><strong>quod</strong></span> 
     </span>
     <span class='ocr_line' id='line_1_25' title="bbox 705 3370 2880 3463; baseline 0.001 -24"><span class='ocrx_word' id='word_1_202' title='bbox 705 3392 905 3459; x_wconf 81' lang='lat' dir='ltr'><strong>saepe</strong></span> <span class='ocrx_word' id='word_1_203' title='bbox 928 3370 1183 3439; x_wconf 84' lang='lat' dir='ltr'><strong>factum</strong></span> <span class='ocrx_word' id='word_1_204' title='bbox 1206 3394 1353 3440; x_wconf 86' lang='lat' dir='ltr'><strong>esse</strong></span> <span class='ocrx_word' id='word_1_205' title='bbox 1375 3372 2007 3444; x_wconf 76' lang='lat' dir='ltr'><strong>animadvertimus:</strong></span> <span class='ocrx_word' id='word_1_206' title='bbox 2040 3394 2081 3440; x_wconf 89' lang='lat' dir='ltr'><strong>a</strong></span> <span class='ocrx_word' id='word_1_207' title='bbox 2105 3372 2599 3442; x_wconf 81' lang='lat' dir='ltr'><strong>recentioribus</strong></span> <span class='ocrx_word' id='word_1_208' title='bbox 2623 3373 2880 3463; x_wconf 82' lang='lat' dir='ltr'><strong>epicam</strong></span> 
     </span>
     <span class='ocr_line' id='line_1_26' title="bbox 705 3487 2880 3579; baseline 0.001 -23"><span class='ocrx_word' id='word_1_209' title='bbox 705 3509 934 3556; x_wconf 85' lang='lat' dir='ltr'><strong>vocem</strong></span> <span class='ocrx_word' id='word_1_210' title='bbox 960 3487 1067 3555; x_wconf 87' lang='lat' dir='ltr'><strong>vel</strong></span> <span class='ocrx_word' id='word_1_211' title='bbox 1110 3489 1519 3557; x_wconf 62' lang='lat' dir='ltr'><strong>struotuiam</strong></span> <span class='ocrx_word' id='word_1_212' title='bbox 1542 3513 1690 3558; x_wconf 87' lang='lat' dir='ltr'><strong>oum</strong></span> <span class='ocrx_word' id='word_1_213' title='bbox 1712 3488 2008 3558; x_wconf 87' lang='lat' dir='ltr'><strong>formula</strong></span> <span class='ocrx_word' id='word_1_214' title='bbox 2028 3488 2314 3578; x_wconf 85' lang='lat' dir='ltr'><strong>quadam</strong></span> <span class='ocrx_word' id='word_1_215' title='bbox 2338 3489 2658 3579; x_wconf 85' lang='lat' dir='ltr'><strong>loquendi</strong></span> <span class='ocrx_word' id='word_1_216' title='bbox 2677 3488 2880 3579; x_wconf 87' lang='lat' dir='ltr'><strong>plane</strong></span> 
     </span>
     <span class='ocr_line' id='line_1_27' title="bbox 705 3604 2879 3696; baseline -0 -21"><span class='ocrx_word' id='word_1_217' title='bbox 705 3604 977 3692; x_wconf 86' lang='lat' dir='ltr'><strong>vulgari</strong></span> <span class='ocrx_word' id='word_1_218' title='bbox 1005 3604 1286 3674; x_wconf 83' lang='lat' dir='ltr'><strong>mixtam</strong></span> <span class='ocrx_word' id='word_1_219' title='bbox 1316 3629 1484 3676; x_wconf 84' lang='lat' dir='ltr'><strong>esse.</strong></span> <span class='ocrx_word' id='word_1_220' title='bbox 1545 3606 1659 3676; x_wconf 83' lang='lat' dir='ltr'><strong>Sic</strong></span> <span class='ocrx_word' id='word_1_221' title='bbox 1688 3607 1868 3696; x_wconf 85' lang='lat' dir='ltr'><strong>apud</strong></span> <span class='ocrx_word' id='word_1_222' title='bbox 1889 3606 2328 3696; x_wconf 88' lang='lat' dir='ltr'><strong>Apollonium</strong></span> <span class='ocrx_word' id='word_1_223' title='bbox 2355 3606 2453 3692; x_wconf 90' lang='grc' dir='ltr'><strong>Π,</strong></span> <span class='ocrx_word' id='word_1_224' title='bbox 2483 3607 2615 3675; x_wconf 88' lang='grc'><strong>449</strong></span> <span class='ocrx_word' id='word_1_225' title='bbox 2647 3609 2879 3675; x_wconf 70' lang='grc' dir='ltr'><strong><em>αὐτώια</em></strong></span> 
     </span>
     <span class='ocr_line' id='line_1_28' title="bbox 706 3721 2876 3812; baseline 0.003 -25"><span class='ocrx_word' id='word_1_226' title='bbox 706 3721 765 3787; x_wconf 90' lang='grc' dir='ltr'><strong>δ’</strong></span> <span class='ocrx_word' id='word_1_227' title='bbox 815 3721 897 3789; x_wconf 83' lang='grc' dir='ltr'><strong>οὐ</strong></span> <span class='ocrx_word' id='word_1_228' title='bbox 941 3723 1102 3807; x_wconf 78' lang='grc' dir='ltr'><strong><em>μετὰ</em></strong></span> <span class='ocrx_word' id='word_1_229' title='bbox 1133 3725 1341 3810; x_wconf 83' lang='grc' dir='ltr'><strong><em>δηρὸν</em></strong></span> <span class='ocrx_word' id='word_1_230' title='bbox 1372 3723 1834 3811; x_wconf 82' lang='grc' dir='ltr'><strong><em>ἀμειβομένων</em></strong></span> <span class='ocrx_word' id='word_1_231' title='bbox 1864 3723 2177 3812; x_wconf 74' lang='grc' dir='ltr'><strong><em>ἐφαάνθη</em></strong></span> <span class='ocrx_word' id='word_1_232' title='bbox 2214 3740 2225 3805; x_wconf 79' lang='grc' dir='ltr'>Ι</span> <span class='ocrx_word' id='word_1_233' title='bbox 2260 3726 2607 3811; x_wconf 78' lang='grc' dir='ltr'><strong><em>Ἠριγενής</em></strong></span> <span class='ocrx_word' id='word_1_234' title='bbox 2638 3727 2710 3793; x_wconf 72' lang='lat' dir='ltr'><strong>et</strong></span> <span class='ocrx_word' id='word_1_235' title='bbox 2742 3724 2876 3810; x_wconf 85' lang='lat' dir='ltr'><strong>HI,</strong></span> 
     </span>
     <span class='ocr_line' id='line_1_29' title="bbox 707 3838 2879 3929; baseline 0.002 -25"><span class='ocrx_word' id='word_1_236' title='bbox 707 3838 835 3907; x_wconf 81' lang='lat'><strong>956</strong></span> <span class='ocrx_word' id='word_1_237' title='bbox 898 3838 1107 3927; x_wconf 77' lang='grc' dir='ltr'><strong><em>αὐτὰρ</em></strong></span> <span class='ocrx_word' id='word_1_238' title='bbox 1154 3841 1191 3907; x_wconf 82' lang='grc' dir='ltr'>ὅ</span> <span class='ocrx_word' id='word_1_239' title='bbox 1238 3841 1292 3928; x_wconf 83' lang='grc' dir='ltr'><strong>γ’</strong></span> <span class='ocrx_word' id='word_1_240' title='bbox 1348 3841 1429 3909; x_wconf 82' lang='grc' dir='ltr'><strong>οὐ</strong></span> <span class='ocrx_word' id='word_1_241' title='bbox 1488 3843 1651 3926; x_wconf 80' lang='grc' dir='ltr'><strong><em>μετὰ</em></strong></span> <span class='ocrx_word' id='word_1_242' title='bbox 1710 3842 1922 3929; x_wconf 81' lang='grc' dir='ltr'><strong><em>δηρὸν</em></strong></span> <span class='ocrx_word' id='word_1_243' title='bbox 1984 3840 2343 3929; x_wconf 77' lang='grc' dir='ltr'><strong><em>ἐελδομένῃ</em></strong></span> <span class='ocrx_word' id='word_1_244' title='bbox 2403 3840 2734 3928; x_wconf 78' lang='grc' dir='ltr'><strong><em>ἐφαάνθη,</em></strong></span> <span class='ocrx_word' id='word_1_245' title='bbox 2798 3842 2879 3909; x_wconf 85' lang='grc' dir='ltr'><strong>οὐ</strong></span> 
     </span>
    </p>
   </div>
   <div class='ocr_carea' id='block_1_2' title="bbox 715 3957 1129 3971">
    <p class='ocr_par' dir='ltr' id='par_1_3' title="bbox 715 3957 1129 3971">
     <span class='ocr_line' id='line_1_30' title="bbox 715 3957 1129 3971; baseline 0 1229"><span class='ocrx_word' id='word_1_246' title='bbox 715 3957 1129 3971; x_wconf 95' lang='lat' dir='ltr'><strong> </strong></span> 
     </span>
    </p>
   </div>
   <div class='ocr_carea' id='block_1_3' title="bbox 715 4003 2879 4401">
    <p class='ocr_par' dir='ltr' id='par_1_4' title="bbox 715 4003 2878 4195">
     <span class='ocr_line' id='line_1_31' title="bbox 888 4003 2878 4095; baseline 0.002 -19"><span class='ocrx_word' id='word_1_247' title='bbox 888 4023 942 4095; x_wconf 92' lang='grc'><strong>1)</strong></span> <span class='ocrx_word' id='word_1_248' title='bbox 981 4022 1078 4078; x_wconf 86' lang='lat' dir='ltr'><strong>Sin</strong></span> <span class='ocrx_word' id='word_1_249' title='bbox 1130 4029 1328 4093; x_wconf 88' lang='lat' dir='ltr'><strong>autem,</strong></span> <span class='ocrx_word' id='word_1_250' title='bbox 1382 4023 1681 4094; x_wconf 84' lang='lat' dir='ltr'><strong>Sophocles</strong></span> <span class='ocrx_word' id='word_1_251' title='bbox 1737 4040 1858 4080; x_wconf 85' lang='lat' dir='ltr'><strong>cum</strong></span> <span class='ocrx_word' id='word_1_252' title='bbox 1911 4022 2098 4080; x_wconf 84' lang='lat' dir='ltr'><strong>dativo</strong></span> <span class='ocrx_word' id='word_1_253' title='bbox 2156 4024 2444 4095; x_wconf 82' lang='lat' dir='ltr'><strong>construit,</strong></span> <span class='ocrx_word' id='word_1_254' title='bbox 2494 4029 2558 4080; x_wconf 89' lang='lat' dir='ltr'><strong>ut</strong></span> <span class='ocrx_word' id='word_1_255' title='bbox 2594 4003 2734 4080; x_wconf 79' lang='lat' dir='ltr'><strong>Ph&#39;fl.</strong></span> <span class='ocrx_word' id='word_1_256' title='bbox 2776 4026 2878 4081; x_wconf 84' lang='lat'><strong>543</strong></span> 
     </span>
     <span class='ocr_line' id='line_1_32' title="bbox 715 4119 1203 4195; baseline 0.004 -16"><span class='ocrx_word' id='word_1_257' title='bbox 715 4119 943 4193; x_wconf 72' lang='grc' dir='ltr'><strong><em>ἕρποντι</em></strong></span> <span class='ocrx_word' id='word_1_258' title='bbox 980 4131 1203 4195; x_wconf 73' lang='grc' dir='ltr'><strong><em>φωνεῖς.</em></strong></span> 
     </span>
    </p>

    <p class='ocr_par' dir='ltr' id='par_1_5' title="bbox 715 4225 2879 4401">
     <span class='ocr_line' id='line_1_33' title="bbox 886 4225 2879 4299; baseline 0.001 -18"><span class='ocrx_word' id='word_1_259' title='bbox 886 4226 941 4298; x_wconf 87' lang='grc'><strong>2)</strong></span> <span class='ocrx_word' id='word_1_260' title='bbox 985 4226 1196 4283; x_wconf 85' lang='lat' dir='ltr'><strong>Eadem</strong></span> <span class='ocrx_word' id='word_1_261' title='bbox 1243 4225 1460 4283; x_wconf 84' lang='lat' dir='ltr'><strong>ratione</strong></span> <span class='ocrx_word' id='word_1_262' title='bbox 1511 4226 1851 4298; x_wconf 83' lang='lat' dir='ltr'><strong>praepositio</strong></span> <span class='ocrx_word' id='word_1_263' title='bbox 1901 4245 2063 4299; x_wconf 84' lang='grc' dir='ltr'><strong><em>μετα·</em></strong></span> <span class='ocrx_word' id='word_1_264' title='bbox 2103 4227 2355 4298; x_wconf 83' lang='lat' dir='ltr'><strong>neglecta</strong></span> <span class='ocrx_word' id='word_1_265' title='bbox 2389 4227 2607 4284; x_wconf 83' lang='lat' dir='ltr'><strong>videtur</strong></span> <span class='ocrx_word' id='word_1_266' title='bbox 2654 4242 2775 4285; x_wconf 82' lang='lat' dir='ltr'><strong>esse</strong></span> <span class='ocrx_word' id='word_1_267' title='bbox 2810 4228 2879 4298; x_wconf 91' lang='lat'><strong>11,</strong></span> 
     </span>
     <span class='ocr_line' id='line_1_34' title="bbox 715 4322 2295 4401; baseline 0.002 -17"><span class='ocrx_word' id='word_1_268' title='bbox 715 4329 784 4384; x_wconf 80' lang='lat'><strong>54</strong></span> <span class='ocrx_word' id='word_1_269' title='bbox 821 4325 1000 4397; x_wconf 76' lang='grc' dir='ltr'><strong><em>αὐτὰρ</em></strong></span> <span class='ocrx_word' id='word_1_270' title='bbox 1034 4325 1073 4385; x_wconf 82' lang='grc' dir='ltr'><strong>’ὃ</strong></span> <span class='ocrx_word' id='word_1_271' title='bbox 1119 4325 1269 4399; x_wconf 75' lang='grc' dir='ltr'><strong><em>τόνγ’</em></strong></span> <span class='ocrx_word' id='word_1_272' title='bbox 1309 4322 1561 4384; x_wconf 72' lang='grc' dir='ltr'><strong><em>ἐπέεσσιν</em></strong></span> <span class='ocrx_word' id='word_1_273' title='bbox 1597 4326 1994 4400; x_wconf 77' lang='grc' dir='ltr'><strong><em>ὑπερφιάλοισι</em></strong></span> <span class='ocrx_word' id='word_1_274' title='bbox 2025 4327 2295 4401; x_wconf 76' lang='grc' dir='ltr'><strong><em>μετηύδα.</em></strong></span> 
     </span>
    </p>
   </div>
   <div class='ocr_carea' id='block_1_4' title="bbox 3121 245 3123 1075">
    <p class='ocr_par' dir='ltr' id='par_1_6' title="bbox 3121 245 3123 1075">
     <span class='ocr_line' id='line_1_35' title="bbox 3121 245 3123 1075; baseline 0 0"><span class='ocrx_word' id='word_1_275' title='bbox 3121 245 3123 1075; x_wconf 95' lang='lat' dir='ltr'><strong> </strong></span> 
     </span>
    </p>
   </div>
   <div class='ocr_carea' id='block_1_5' title="bbox 3121 1488 3122 4216">
    <p class='ocr_par' dir='ltr' id='par_1_7' title="bbox 3121 1488 3122 4216">
     <span class='ocr_line' id='line_1_36' title="bbox 3121 1488 3122 4216; baseline 0 0"><span class='ocrx_word' id='word_1_276' title='bbox 3121 1488 3122 4216; x_wconf 95' lang='lat' dir='ltr'><strong> </strong></span> 
     </span>
    </p>
   </div>
  </div>
 </body>
</html>
