3178 5200
1665 363 1752 431 42

621 540 920 607 ceterum
964 541 1050 610 ab
1095 538 1396 609 omm‘bus
1440 539 1589 609 fere
1633 538 1855 630 poetis
1899 541 2300 629 usurpatum
2345 541 2469 626 est,
2530 539 2791 611 ionicae

623 654 903 726 dialecti
933 654 1140 725 fuisse
1169 656 1459 740 videtur,
1507 656 1689 747 quod
1717 657 1788 724 in
1818 656 2046 726 soluta
2075 656 2388 727 oratione
2418 680 2501 727 ex
2530 657 2787 749 Hippo-

624 772 834 842 cratis
898 775 1168 842 tantum
1231 774 1502 864 scriptis
1550 776 1635 861 (e.
1681 796 1783 865 gr.
1831 773 2006 864 epid.
2054 775 2116 856 6,
2162 775 2224 856 5,
2270 775 2339 863 5)
2387 778 2459 844 et
2501 775 2791 845 Aretaei

550 982 559 991 .
622 888 711 978 (p.
761 889 887 957 175
910 889 1028 978 Κ.)
1073 891 1378 980 exempla
1441 894 1857 977 afferuntur3
1921 913 2076 961 nam
2119 891 2303 961 Plat.
2351 891 2520 961 Crit.
2570 892 2697 963 115
2724 892 2790 960 A

623 1004 884 1077 codices
929 1006 997 1074 A
1040 1007 1099 1077 F
1144 1011 1423 1095 ἔτρεφεν
1465 1011 1815 1098 praebent.

793 1124 898 1194 At
964 1128 1244 1194 verbum
1303 1127 1679 1212 μαστεύειν,
1747 1126 1931 1215 (Hes.
1993 1125 2079 1194 fr.
2141 1125 2245 1210 79,
2294 1125 2335 1192 3
2365 1125 2507 1212 Rz;
2557 1124 2787 1213 Pind.;

619 1241 819 1328 Eur.;
865 1243 1101 1311 crebro
1149 1241 1327 1332 apud
1371 1241 1889 1332 Xenophontem
1933 1244 2006 1312 et
2048 1241 2532 1331 Apollonium),
2606 1242 2790 1331 quod

621 1358 838 1428 adhuc
895 1359 1154 1428 ionicae
1215 1358 1492 1429 dialecti
1551 1359 1902 1450 proprium
1964 1348 2334 1441 videbatur'
2347 1358 2414 1448 ¹),
2484 1358 2781 1428 doricam

620 1498 851 1545 vocem
878 1475 1087 1546 fuisse
1116 1475 1562 1546 Fraenkelius
1586 1476 1632 1561 2)
1676 1476 1902 1546 titulis
1946 1476 2195 1545 doricis
2240 1476 2472 1545 allatis
2518 1479 2788 1546 conten-

620 1593 742 1663 dit.
819 1593 1056 1683 Neque
1098 1597 1329 1663 tamen
1358 1617 1588 1665 vocem
1620 1594 1774 1662 Ἰάδι
1807 1593 2317 1663 abiudicandam
2359 1616 2509 1664 esse
2553 1616 2788 1693 censeo

617 1711 692 1779 in
734 1710 1020 1781 Aretaei
1087 1712 1477 1781 testimonio
1544 1712 1826 1797 innisus,
1896 1734 2092 1802 quem
2111 1750 2130 1761 ·
2162 1711 2463 1781 omnibus
2528 1711 2789 1781 viribus

615 1827 745 1897 hoc
787 1828 1124 1898 studuisse
1154 1832 1441 1916 constat,
1490 1834 1571 1899 ut
1601 1851 1800 1919 quam
1841 1829 2127 1897 maxime
2171 1827 2460 1898 ionicum
2503 1828 2778 1919 scriptis

621 1945 760 2015 suis
809 1946 1102 2016 colorem
1147 1947 1346 2017 daret
1373 1947 1483 2037 (cf.
1516 1947 2002 2033 Wilamowitz,
2049 1946 2312 2015 Kultur
2354 1946 2476 2016 der
2522 1946 2788 2036 Gegen-

618 2066 804 2134 wart
846 2064 902 2148 I,
949 2066 1011 2148 8,
1057 2087 1122 2154 p.
1173 2064 1347 2157 145).
1438 2064 1570 2151 Qui
1614 2088 1679 2155 p.
1730 2065 1856 2133 176
1878 2065 1967 2132 Κ.
2015 2063 2183 2133 dicit
2226 2064 2422 2133 haec:
2470 2064 2631 2153 ἀτὰρ
2676 2062 2788 2130 καὶ

619 2184 823 2268 ποίην
868 2180 937 2261 ἐς
983 2183 1196 2268 νομὴν
1240 2184 1398 2271 τῇδε
1442 2184 1770 2269 μαστεύει.

391 2301 431 2386 ξ
477 2296 580 2365 15.
793 2297 1078 2389 Magnus
1124 2299 1364 2368 deinde
1410 2299 1721 2389 sequitur
1744 2303 2082 2369 'numerus
2128 2322 2361 2369 eorum
2404 2300 2782 2384 verborum,

621 2438 792 2506 quae
836 2439 985 2485 cum
1046 2420 1208 2486 ante
1251 2416 1605 2506 Apollonii
1670 2419 1968 2485 aetatem
2032 2417 2105 2484 in
2168 2417 2507 2507 epicorum
2551 2415 2789 2489 carmi-

616 2534 813 2604 nibus
856 2556 993 2603 non
1051 2534 1507 2620 inveniantur,
1570 2537 1800 2604 tamen
1844 2537 1929 2604 ab
1975 2534 2130 2603 aliis
2178 2535 2249 2603 et
2293 2534 2517 2625 poetis
2563 2536 2637 2604 et
2681 2556 2788 2603 so-

615 2651 752 2720 luti
795 2653 1121 2722 sermonis
1185 2652 1629 2743 scriptoribus
1693 2655 2029 2741 usurpata
2092 2655 2307 2721 erant.
2398 2651 2588 2737 Quae
2633 2650 2787 2720 sim-

614 2769 891 2860 pliciter
934 2771 1182 2840 afferre
1229 2770 1397 2840 satis
1440 2770 1679 2856 habeo,
1747 2769 1985 2859 quibus
2030 2768 2203 2838 nihil
2252 2768 2439 2839 aliud
2484 2789 2787 2868 comprof

615 2889 818 2957 betur
861 2888 994 2957 nisi
1036 2889 1177 2974 hoc,
1239 2892 1657 2979 quantopere
1699 2887 2129 2980 Apollonius,
2179 2909 2351 2978 quae
2394 2887 2483 2958 ad
2526 2887 2789 2978 copiam

614 3007 976 3075 verborum
1048 3008 1375 3094 spectent,
1455 3007 1561 3074 sui
1634 3006 1958 3094 temporis
2036 3029 2160 3074 usu
2230 3008 2302 3073 et
2367 3005 2786 3075 auctoritate

616 3121 855 3191 ductus
902 3122 1014 3190 sit.
1105 3121 1280 3192 Sunt
1324 3125 1551 3191 autem
1593 3121 1790 3192 haec:

702 3238 1049 3325 ἀμηχανέω
1092 3239 1224 3329 Ap.
1273 3238 1685 3330 frequentat.

700 3356 1004 3443 ἀναρτάω
1050 3355 1182 3440 ΙΠ,
1233 3357 1379 3424 789.

699 3473 988 3560 ἀφειδέω
1034 3473 1092 3558 Ι,
1138 3473 1269 3541 338
1313 3473 1400 3543 al.

698 3592 970 3677 βοάσθω
1015 3591 1110 3675 II,
1159 3592 1306 3659 323.

698 3708 953 3796 ἠρεμέω
982 3710 1040 3793 Ι,
1067 3708 1397 3794 514,1771
1424 3708 1829 3801 praesertim
1852 3707 2032 3799 apud
2059 3707 2428 3795 Platonem,
2458 3708 2780 3799 Hippocr.

695 3830 993 3909 θεσπίζω
1037 3828 1093 3911 Ι,
1141 3828 1290 3912 491,
1342 3827 1530 3895 1085.

696 3946 1026 4031 θιγγάνω.
1073 3947 1205 4034 Ap.
1239 3945 1496 4014 aoristo
1528 3948 1801 4015 tantum
1831 3968 1989 4013 usus
2038 3948 2163 4025 est,
2207 3946 2263 4032 Ι,
2288 3946 2437 4032 824,
2484 3946 2609 4032 IV,
2634 3947 2781 4031 931,

869 4065 1060 4132 1013.

793 4219 847 4288 1)
886 4219 1122 4288 Sauppe,
1160 4216 1335 4272 Lexil.
1375 4216 1823 4286 Xenophonteus.

787 4321 844 4393 2)
884 4320 976 4376 Gr.
1019 4316 1452 4387 Denominativa,
1495 4335 1548 4388 p.
1586 4322 1710 4376 222.
