3178 5200
1368 398 1415 464 3

475 569 835 660 ὑωφήτης
854 573 1101 654 autom,
1133 516 1264 660 Apss
1294 570 1349 655 1,
1377 570 1568 657 1311,
1604 570 2118 659 umrxacvqg
2148 572 2296 657 116,
2344 571 2479 643 iam

300 685 482 776 apud
529 687 833 758 Aratum
885 688 959 756 in
1000 687 1133 756 fine
1182 710 1426 757 versus
1485 688 1786 776 legitur5
1831 691 2062 758 tamen
2105 688 2216 757 hic
2262 689 2478 758 Theo-

295 803 550 872 critum
607 804 975 894 Apollonio
1035 828 1229 874 usum
1275 827 1419 875 esse
1465 827 1502 874 c
1546 805 2036 875 sententiarum
2080 808 2478 895 argumento

297 918 749 990 concluditur.
855 919 1076 989 Simili
1137 919 1379 989 deinde
1443 920 1714 989 ratione
1775 944 1811 989 e
1874 921 2180 991 versibus
2241 922 2478 990 allatis

295 1036 501 1105 multi
565 1036 917 1127 segregari
981 1043 1286 1126 possunt.
1380 1036 1568 1120 Quae
1617 1057 2017 1126 quamquam
2062 1037 2286 1106 omnia
2327 1060 2480 1106 con-

295 1175 541 1242 gerere
588 1153 908 1223 editionis
950 1152 1447 1244 Apollonianae
1493 1156 1621 1238 est,
1669 1153 1777 1222 cui
1820 1153 2272 1223 recentiorum
2316 1177 2480 1244 quo-

299 1293 430 1361 que
474 1270 901 1340 imitationes
946 1269 1293 1339 addendae
1342 1269 1500 1354 sint,
1567 1273 1800 1339 tamen
1859 1271 2186 1340 nonnulla
2228 1270 2480 1340 addere

296 1387 454 1456 huic
516 1387 731 1478 capiti
790 1386 1082 1473 institui,
1151 1387 1407 1476 quibus,
1472 1388 1643 1476 quot
1705 1409 1791 1455 ex
1850 1387 2071 1477 poetis
2124 1387 2476 1479 Apollonii

300 1504 596 1573 elocutio
643 1504 991 1594 penderet,
1036 1504 1561 1595 perspiceretur.

326 1654 329 1657 ⁷
473 1620 721 1691 Iliadis
764 1643 1024 1712 parvae
1066 1621 1158 1691 fr.
1205 1622 1247 1688 6
1287 1620 1377 1689 Κ.
1424 1620 1796 1690 traduntur
1837 1620 2005 1690 haec
2047 1624 2287 1691 verba:
2331 1627 2480 1709 ’Άμ-

298 1744 507 1806 πελον
567 1738 654 1824 ἣν
700 1740 1041 1825 Κρονίδης
1105 1741 1346 1825 ἔπορεν
1409 1739 1480 1805 ol
1539 1739 1778 1818 παιδὸς
1838 1740 2082 1806 ἄποινα
2141 1743 2480 1826 χρυσείην,

301 1857 670 1944 φύλλοισιν
759 1855 1111 1941 ἀγανοῖσιν
1128 1854 1181 1942 ¹)
1253 1858 1607 1941 κομόωσαν
1671 1879 1731 1922 κ.
1757 1879 1810 1923 τ.
1837 1860 1929 1941 λ.;
2026 1855 2265 1945 quibus
2329 1878 2480 1924 eum

298 1971 527 2042 verbis
615 1970 1062 2041 conferendus
1130 1971 1752 2059 Argonauticorum
1830 1994 2071 2041 versus
2142 1971 2281 2057 III,
2351 1972 2482 2041 928

301 2094 600 2176 αἴγειρος
642 2089 1006 2174 φύλλοισιν
1055 2087 1461 2174 ἀπειρεσίοις
1505 2090 1849 2175 κομόωσα;
1919 2087 2257 2157 Homerus
2304 2088 2480 2157 enim

296 2204 470 2275 hanc
537 2205 730 2275 verbi
772 2213 985 2291 κομᾶν
1031 2204 1421 2274 abusionem
1479 2203 1776 2273 nondum
1840 2203 2118 2274 admisit
2140 2204 2221 2291 2);
2288 2205 2372 2274 cf.
2422 2210 2481 2272 Θ

292 2322 396 2409 42,
442 2328 532 2390 Ν
568 2321 686 2388 24:
734 2321 1081 2411 ἐθείρῃσιν
1122 2325 1481 2408 κομόωντε.

463 2438 786 2529 ‘Hymnos
851 2460 1116 2529 quoque
1181 2439 1571 2508 Homericos
1619 2438 2023 2529 Apollonius
2087 2439 2327 2528 dignos
2396 2460 2481 2508 ex

302 2557 545 2648 quibus
573 2557 902 2644 hauriret,
937 2555 1384 2645 existimavit3
1417 2556 1598 2648 quod
1628 2558 1858 2647 paucis
1892 2556 2212 2648 exemplis
2247 2555 2479 2627 allatis
2509 2538 2516 2545 ’

308 2675 478 2745 satis
525 2679 1021 2767 comprobatur.

473 2790 539 2862 h.
587 2792 781 2861 Hom.
827 2791 1130 2877 XXXII,
1182 2791 1266 2860 18
1328 2790 1442 2861 σέο
1488 2793 1548 2859 δ’
1595 2790 1964 2880 ἀρχόμενος
2022 2790 2182 2860 κλέα
2233 2802 2480 2878 φωτῶν

302 2907 545 2997 ᾄσομαι
590 2909 895 2997 ἡμιθέων
938 2916 1010 2979 ct

476 3026 612 3116 Ap.
678 3026 736 3110 I,
799 3026 837 3094 1
882 3025 1271 3115 Ἀρχόμενος
1334 3024 1448 3093 σέο
1494 3029 1740 3111 Φοῖβε,
1820 3024 2279 3110 παλαιγενέων
2319 3024 2481 3160 αλέα

302 3154 550 3230 φωτῶν
594 3146 932 3230 μνήσομαι
975 3143 1159 3212 inter
1203 3165 1274 3212 se
1319 3141 1687 3212 cohaerent
1702 3140 1790 3229 ι’);

476 3259 644 3329 item
685 3259 750 3330 h.
799 3260 968 3330 Ven.
1019 3260 1146 3329 293
1224 3261 1480 3345 δείματι
1536 3262 1948 3346 παλλόμεναι
2001 3289 2084 3324 Ν
2130 3259 2255 3346 IV,
2307 3259 2476 3346 '7523

478 3377 745 3465 ἀριθμός
786 3377 852 3446 h.
899 3377 1104 3446 Mero.
1150 3376 1312 3463 5243
1355 3376 1492 3465 Ap.
1538 3376 1638 3462 Π,
1685 3377 1848 3465 7555

490 3601 545 3671 1)
582 3598 715 3670 quid
750 3614 853 3671 pro
892 3605 1152 3671 corrupto
1190 3599 1491 3669 ἀγανοῖσιν
1528 3598 1877 3656 scribendum
1913 3598 2003 3669 sit,
2040 3598 2281 3656 dubium.

484 3702 544 3773 2)
582 3700 908 3757 crediderim
942 3700 1113 3771 igitur
1137 3716 1206 3757 ex
1231 3699 1422 3757 eodem
1457 3700 1613 3757 fonte
1649 3716 1903 3758 manasse
1937 3700 2331 3772 metaphoram,
2369 3715 2480 3769 qua

307 3818 438 3859 usus
480 3809 566 3858 est
601 3801 787 3874 hymni
823 3803 881 3856 in
920 3802 1037 3858 Cer.
1078 3808 1274 3859 auctor
1311 3804 1563 3872 453s454.

485 3905 543 3975 3)
586 3899 721 3958 κλέα
746 3912 947 3974 φωτῶν
982 3918 1085 3975 pro
1122 3902 1414 3959 Homerica
1451 3901 1692 3959 formula
1717 3898 1851 3958 κλέα
1876 3902 2105 3972 ἀνδρῶν
2129 3908 2164 3956 Ι
2188 3904 2305 3971 189,
2344 3902 2479 3972 524;

308 4007 354 4060 θ
388 4008 475 4076 73,
519 4005 577 4059 in
615 4020 725 4074 qua
760 3995 894 4060 κλέα
929 4020 997 4060 ex
1036 4000 1170 4059 κλέᾶ
1202 4008 1517 4075 correptum
1568 4008 1671 4074 est,
1722 4002 1792 4059 ab
1828 4005 1934 4073 Ap.
1973 4003 2132 4073 quasi
2166 4002 2481 4073 ignorantia

304 4106 585 4163 Homerici
620 4105 838 4162 dicendi
887 4106 1105 4177 generis
1142 4104 1488 4175 desumptum
1523 4121 1647 4161 esse
1684 4104 2176 4174 Wackernagelius
2212 4104 2271 4158 in
2307 4103 2476 4160 schol.

307 4207 361 4264 h.
391 4210 622 4277 1904105
644 4208 849 4266 habitis
874 4207 1298 4277 demonstravit3
1334 4212 1616 4263 auctorem
1641 4211 1826 4266 autem
1850 4206 2257 4276 depravationis
2294 4204 2480 4276 hymni

308 4308 458 4366 illius
497 4314 718 4380 poetam
753 4308 944 4381 fuisse,
983 4325 1015 4366 e
1049 4325 1213 4366 versu
1249 4309 1419 4366 allato
1456 4309 1653 4367 elucet.

1971 4409 2060 4477 1*
