3178 5200
1472 504 1541 572 ‘9

418 671 727 768 ἐρεύθει)
752 679 958 749 medii
999 679 1083 749 vi'
1113 682 1512 768 usurpatum
1555 700 1704 747 esse
1749 677 2200 761 adnotaverit,
2247 677 2425 745 haud
2469 677 2605 746 scio

427 817 519 865 an
558 796 619 882 I,
665 797 794 866 791
841 798 884 884 ἢ
929 797 989 864 δ’
1040 797 1351 882 ἐγκλιδὸν
1396 798 1554 864 ὄσσε
1612 800 1913 882 βαλοῦσα
1951 795 1961 883 Ι
2000 797 2415 882 παρθενικὰς
2455 795 2606 883 ’ἐρύ-

430 923 604 1000 θηνε
649 915 979 1002 παρηίδας
1024 916 1097 981 et
1139 913 1276 998 ΠΙ,
1309 913 1438 982 682
1486 913 1578 992 ὣς
1619 913 1828 998 φάτο·
1873 921 1989 999 τῆς
2032 912 2090 979 δ’
2139 912 2432 998 ἐρύθηνε
2477 934 2604 979 πα-

435 1035 590 1119 ρήια
633 1028 1145 1099 intransitivum
1186 1029 1381 1098 illum
1422 1052 1617 1099 usum
1653 1029 1744 1098 ad
1786 1029 2044 1118 epicum
2087 1032 2365 1098 verbum
2393 1029 2606 1118 Apol-

432 1146 656 1217 lonius
700 1147 1179 1232 transtulerit3
1227 1150 1305 1215 at
1347 1146 1472 1228 IV,
1506 1147 1638 1213 474
1680 1147 1975 1215 activam
2018 1146 2225 1216 habet
2268 1146 2422 1215 vim.

607 1264 942 1332 Futurum
984 1263 1226 1333 deinde
1268 1263 1596 1333 formavit
1638 1263 1770 1352 Ap.
1821 1264 2312 1349 ἀλαλκήσουσιν
2354 1263 2448 1348 ΙΙ,
2476 1264 2605 1331 235

433 1384 520 1450 ab
564 1382 824 1450 aoristo
871 1381 1057 1471 epico
1103 1384 1346 1449 ἄλαλκε
1403 1403 1823 1470 progressae,
1883 1384 1965 1448 ut
2024 1381 2209 1448 inter
2256 1403 2329 1448 se
2374 1381 2604 1448 cohae-

430 1504 659 1568 rentes
703 1498 955 1567 multas
1001 1498 1281 1568 videbat
1323 1497 1608 1583 formas,
1658 1520 1714 1565 e.
1745 1520 1848 1586 gr.
1881 1500 2099 1585 ἔσχον,
2149 1501 2402 1585 σχήσω;
2452 1500 2603 1583 ἥκα-

432 1641 574 1703 χον,
621 1616 944 1704 ἀκαχήσω.

605 1733 911 1803 Perfecti
954 1732 1241 1823 denique
1283 1732 1570 1800 formam
1604 1754 1801 1822 quam
1842 1731 2130 1821 legimus
2173 1731 2269 1817 11,
2303 1733 2386 1800 53
2430 1740 2603 1818 θῆκε

432 1852 722 1938 πάροιθε
754 1852 983 1920 ποδῶν
1013 1852 1244 1929 δοιοὺς
1273 1849 1633 1938 ἑκάτερθεν
1664 1849 1967 1938 ίμάνταςΙ
1990 1852 2234 1936 ὠμούς,
2266 1848 2602 1931 ἀζαλέους,

431 1968 584 2056 πέρι
630 1969 690 2036 δ’
739 1969 810 2036 οῗ
848 1973 908 2054 γ’
956 1970 1117 2035 ἔσαν
1161 1967 1547 2052 ἐσκληῶτες,
1593 1988 1995 2056 quamquam
2043 1966 2232 2034 nullo
2278 1967 2425 2035 loco
2468 1966 2605 2034 nisi

430 2086 559 2155 hoc
602 2087 852 2169 exstat,
896 2087 1127 2154 tamen
1172 2087 1255 2152 ab
1287 2084 1655 2173 Apollonio
1699 2107 1836 2152 non
1877 2087 2199 2152 novatam
2245 2083 2364 2152 sed
2408 2106 2446 2151 e
2488 2106 2604 2152 ve-

432 2211 585 2272 tere
629 2202 918 2292 quodam
960 2203 1166 2290 poeta
1211 2205 1547 2290 sumptam
1593 2224 1742 2270 esse
1772 2201 2189 2286 crediderim,
2234 2223 2407 2289 quae
2450 2203 2605 2268 tan-

433 2326 672 2408 topere
717 2318 1158 2410 antiquitatis
1191 2318 1485 2407 effigiem
1513 2341 1682 2408 prae
1713 2341 1785 2387 se
1814 2318 2019 2387 ferat.
2112 2318 2315 2386 Cuius
2343 2317 2607 2385 formae

435 2436 686 2506 similes
731 2440 890 2505 sunt
932 2436 1328 2505 Homericae
1370 2438 1692 2521 τεθνηώς,
1739 2443 2112 2521 τεθνηῶτες
2156 2438 2228 2503 et
2269 2434 2606 2503 Hesiodea

434 2554 683 2640 ἑστηώς
724 2553 848 2621 Th.
895 2553 1045 2639 519,
1094 2574 1290 2643 quam
1337 2554 1469 2643 Ap.
1516 2553 1781 2642 saepius
1825 2552 2133 2628 imitatus
2180 2556 2306 2638 est,
2352 2552 2449 2638 Π,
2494 2553 2601 2637 49,

436 2673 599 2759 193;
646 2671 786 2756 ΙΠ,
820 2671 1010 2739 1384.
1100 2670 1420 2740 Eiusdem
1463 2675 1690 2740 autem
1734 2670 1925 2739 verbi
1967 2672 2268 2738 σκέλλειν
2311 2670 2604 2759 perfecti

428 2788 689 2858 usitato
735 2811 922 2857 more
968 2788 1267 2857 derivati
1309 2787 1599 2857 formam
1641 2791 1926 2877 praebet
1967 2787 2100 2877 Ap.
2131 2787 2229 2871 Π,
2252 2788 2380 2856 201
2427 2791 2603 2876 πίνῳ

428 2906 504 2974 τέ
558 2907 629 2973 ot
681 2905 1042 2984 αὐσταλέος
1101 2909 1276 2993 χρὼς
1337 2905 1661 2992 ἐσκλήκει,
1724 2928 1858 2994 qua
1919 2930 2067 2974 cum
2128 2906 2604 2975 conferendum

430 3028 537 3092 cst
583 3023 819 3093 Choer.
863 3024 951 3093 fr.
980 3025 1026 3090 4
1042 3024 1113 3091 K
1159 3024 1518 3110 ἐσκληκότα
1560 3025 1792 3113 κάπνφ
1837 3024 2088 3113 (ἳππων
2133 3023 2481 3112 πρόσωπα)
2528 3027 2602 3094 et

428 3140 746 3229 Hippocr.
794 3141 856 3227 6,
891 3142 1016 3208 196
1037 3140 1117 3208 L.
1167 3140 1603 3229 (ἐνέσκληκα).

603 3258 750 3325 Iam
794 3258 1225 3347 pervenimus
1272 3258 1360 3326 ad
1404 3280 1517 3327 eas
1562 3257 1843 3345 formas,
1902 3281 2068 3349 quas
2113 3258 2247 3348 Ap.
2293 3259 2600 3327 Homeri·

429 3399 576 3444 cum
621 3375 996 3464 exemplum
1054 3378 1323 3443 secutus
1386 3376 1701 3460 mutavit,
1767 3376 1928 3464 quia
1987 3362 2284 3445 usitatus
2328 3376 2601 3445 illarum

428 3515 588 3560 usus
635 3494 721 3561 ab
769 3493 958 3581 epica
1002 3492 1379 3561 elocutione
1424 3492 1795 3561 abhorrere
1838 3494 1902 3561 ei
1945 3493 2322 3562 videbatur.
2416 3494 2599 3577 Quas

429 3632 577 3677 cum
637 3608 977 3677 Rzachius
999 3609 1049 3696 ¹)
1113 3613 1426 3677 accurate
1486 3611 1920 3694 tractaverit,
1986 3614 2213 3679 tamen
2273 3610 2600 3680 nonnulla

430 3730 590 3795 sunt
652 3726 976 3794 addenda.
1068 3728 1441 3795 Verborum
1508 3728 1751 3809 ἀτίζειν
1813 3730 1885 3795 et
1942 3733 2286 3814 νοσφίζειν
2347 3727 2596 3797 formas

426 3866 575 3911 cum
606 3862 647 3910 σ
674 3843 972 3912 usitatas
1003 3843 1137 3933 Ap.
1165 3861 1249 3912 σσ
1271 3844 1638 3912 instruxit:
1686 3844 1938 3911 ἀτίσσει
1967 3844 2104 3929 ΙΙΙ,
2138 3845 2300 3931 181;
2348 3845 2404 3929 Ι,
2432 3845 2593 3931 615;

430 3963 882 4047 νοσφίσσομαι
912 3960 1036 4045 IV,
1073 3962 1220 4045 181,
1252 3961 1447 4028 1108.
1536 3960 1792 4028 Eodem
1823 3963 2053 4029 autem
2081 3960 2275 4029 modo
2315 3961 2596 4044 ἀρόσσαι

426 4076 560 4160 ΙΠ,
605 4078 755 4162 497,
804 4077 1094 4165 ἀρόσσῃς
1135 4077 1272 4163 III,
1308 4079 1477 4146 1053
1523 4080 1764 4146 contra
1796 4077 2075 4145 Hesiodi
2119 4077 2598 4146 auctoritatem

607 4339 661 4409 1)
698 4337 764 4391 A.
802 4334 1020 4392 Rzach:
1076 4335 1507 4394 Grammatische
1564 4334 1791 4393 Studien
1845 4352 1914 4391 zu
1952 4338 2056 4408 Ap.
2092 4336 2200 4391 Rh.
2244 4336 2400 4392 Wien
2441 4338 2593 4393 1878.
