3178 5200
1148 1364 1720 1436 PROOEMIUM,

427 1480 683 1568 QUOS
726 1480 1085 1552 POETAS
1132 1481 1716 1552 APOLLONIUS
1757 1481 2211 1551 [MITATUS
2255 1480 2420 1550 SIT.

511 1658 628 1727 De
673 1658 844 1747 epici
905 1658 1188 1727 alicuius
1239 1659 1488 1729 Graeci
1550 1658 1928 1727 elocutione
1991 1657 2353 1727 disserenti
2394 1656 2521 1726 hoc

210 1804 215 1809 ·
326 1775 638 1864 primum
671 1774 1267 1845 demonstrandum
1309 1797 1477 1861 esse,
1522 1798 1809 1865 quorum
1836 1778 2194 1864 poetarum
2223 1774 2522 1862 vestigia

324 1891 455 1961 ille
502 1891 864 1982 presserit,
908 1914 1102 1960 nemo
1147 1893 1527 1980 negaverit.
1619 1892 2036 1982 Quamquam
2074 1891 2249 1960 enim
2295 1912 2519 1961 omnes

330 2010 420 2078 ab
470 2008 764 2078 Hesiodi
807 2031 1021 2099 usque
1053 2008 1141 2076 ad
1169 2009 1399 2078 Nonni
1443 2013 1753 2098 tempora
1796 2008 1965 2098 epici
1994 2009 2067 2079 vi
2111 2013 2183 2077 et
2226 2007 2521 2077 auctori-

332 2130 494 2196 tate
539 2125 945 2195 Homericae
990 2125 1388 2195 elocutionis
1438 2125 1604 2194 adeo
1667 2128 2096 2210 tenebantur,
2162 2129 2240 2193 ut
2299 2124 2521 2215 poesis

327 2243 538 2332 epica
562 2244 844 2312 Homeri
875 2266 1181 2314 sermone
1212 2244 1441 2312 soluta
1473 2244 1737 2311 omnino
1769 2266 1903 2311 non
1933 2245 2261 2327 exstaret,
2293 2244 2524 2311 tamen
2634 2250 2639 2255 ’

328 2358 521 2428 alios
570 2382 833 2451 quoque
878 2360 998 2429 alii
1039 2360 1299 2430 imitati
1329 2367 1487 2430 sunt
1517 2364 1593 2428 et
1624 2360 1803 2428 sicut
1833 2382 1944 2429 res
1989 2359 2286 2429 studium
2329 2363 2522 2428 aetas

330 2477 809 2566 postulabant,
858 2479 1054 2548 modo
1098 2478 1274 2546 hunc
1318 2478 1512 2546 modo
1558 2478 1769 2563 illum,
1816 2499 2011 2568 quem
2057 2479 2523 2566 sequerentur,

332 2593 849 2688 praetulerunt,
937 2598 1019 2666 ut
1084 2595 1451 2665 Hesiodum
1493 2594 1781 2681 Aratus,
1861 2594 2341 2664 Antimachum
2401 2594 2524 2665 Ni-

338 2712 619 2799 cander,
666 2713 1105 2802 Apollonium
1148 2713 1519 2802 Dionysius
1560 2719 1633 2781 et
1663 2712 2305 2801 Argonauticorum‚
2353 2733 2525 2801 quae

348 2828 655 2920 Orphica
683 2834 1036 2915 vocantur,
1085 2832 1346 2899 auctor.
1437 2830 1584 2898 Hoc
1631 2828 1807 2896 enim
1850 2829 2201 2918 proprium
2243 2849 2522 2917 poeseos

344 2948 584 3040 epicae
630 2946 1063 3031 Graecorum,
1127 2950 1210 3017 ut
1256 2948 1449 3037 quasi
1491 2945 1739 3016 fluvius
1785 2944 2141 3014 continuus
2185 2946 2379 3014 nobis
2425 2945 2526 3013 vi-

344 3065 617 3150 deatur,
683 3064 800 3155 qui
844 3087 992 3133 cum
1037 3086 1120 3132 ex
1163 3064 1502 3133 uberrimo
1566 3064 1760 3132 fonte
1821 3063 2273 3152 profluxisset,
2338 3085 2524 3130 num-

345 3204 550 3272 quam
595 3181 965 3250 exhaustus
998 3181 1301 3250 omnibus
1346 3183 1728 3268 augebatur
1765 3179 1934 3250 rivis
1980 3180 2098 3269 qui
2140 3179 2275 3268 ipsi
2318 3202 2401 3247 ex
2446 3201 2523 3249 eo

348 3304 554 3369 erant
597 3297 915 3369 derivati.

524 3414 858 3484 Fontibus
914 3414 1133 3503 igitur
1179 3412 1465 3484 detectis
1514 3413 1952 3503 Apollonium
1995 3412 2334 3481 Rhodium
2377 3413 2527 3480 fere

349 3532 645 3602 omnium
707 3554 992 3621 quorum
1065 3531 1259 3600 nobis
1328 3533 1455 3617 ἔπη
1523 3530 1790 3600 tradita
1855 3534 2033 3616 sunt,
2108 3529 2528 3598 imitatorem

352 3672 428 3719 se
454 3651 787 3741 praebere
817 3648 1142 3717 videmus.
1234 3648 1368 3732 Qui
1406 3671 1555 3717 cum
1597 3647 1801 3736 longe
1845 3646 2131 3716 maxime
2159 3646 2528 3714 Homerum

349 3765 662 3835 imitatus
727 3764 840 3851 sit,
902 3766 1006 3834 ita
1067 3768 1147 3833 ut
1205 3788 1355 3834 eum
1413 3764 1847 3834 Homericum
1907 3763 2128 3834 videri
2189 3762 2526 3832 studuisse

353 3883 787 3954 manifestum
825 3881 919 3952 sit
938 3882 1006 3971 ¹),
1053 3885 1282 3951 tamen
1313 3905 1397 3951 ex
1427 3882 1663 3951 multis
1694 3881 1848 3951 aliis
1877 3884 2093 3954 verba
2136 3879 2264 3949 sibi
2310 3902 2527 3949 arces-

357 3999 542 4086 sivit,
591 3999 779 4069 cuius
815 3999 919 4070 rei
941 4000 1080 4070 viri
1103 4000 1283 4069 docti
1326 4000 1505 4069 haud
1539 4021 1757 4089 pauca
1792 3999 2099 4087 exempla
2118 3997 2526 4083 attulerunt,

390 4281 396 4287 ,
454 4266 491 4272 --
541 4225 595 4295 1)
637 4222 904 4296 inspicias
942 4224 1104 4281 velim
1154 4239 1236 4296 ea,
1287 4239 1428 4295 quae
1464 4222 1766 4283 Merkelius
1802 4222 1861 4281 in
1895 4222 2057 4294 pron.
2094 4239 2148 4293 p.
2185 4220 2421 4281 XXXVI
2456 4236 2529 4278 ss.

358 4325 648 4398 congessit.

2068 4427 2112 4497 1
