3178 5200
1344 383 1428 453 13

480 560 744 638 κείνους
783 558 838 625 κ’
889 559 1205 645 εἰςορόων
1259 557 1499 644 ἅκέοιέ,
1536 560 1844 640 ’ψεύδοιό
1886 581 1955 626 τε
2001 558 2229 643 θυμόν
2279 553 2473 642 „inas

310 672 571 744 hituens
595 676 1079 744 obmutescss“.
1143 674 1573 744 Homericum
1598 675 1775 744 enim
1799 674 2013 743 ἀκέων
2037 671 2473 763 par’cicipium

310 794 451 861 ess'e
494 792 885 862 existimans
926 813 1176 862 novam
1237 791 1427 862 illam
1472 792 1761 861 formam
1806 791 2063 881 fingere
2104 813 2241 859 non
2284 787 2474 857 dubi·

305 908 500 986 tavit,
562 932 697 999 qna
744 910 856 979 via
897 932 982 978 ne
1026 909 1206 978 ullus
1255 909 1520 998 quidem
1581 911 1790 1000 poeta
1832 932 1983 977 eum
2026 909 2295 977 secutus
2343 908 2470 974 est.

304 1025 595 1095 Similem
652 1050 779 1116 per
840 1049 1141 1096 errorem
1181 1026 1614 1096 Homericum
1674 1026 1972 1095 ἐκέκλετο
2039 1048 2166 1114 pro
2229 1024 2473 1113 imper-

304 1142 478 1212 fecto
566 1144 819 1214 habens
902 1166 1224 1233 praesens
1308 1144 1622 1230 κέκλομαι
1706 1143 1993 1213 novavit
2055 1143 2110 1227 I,
2157 1141 2306 1226 716,
2372 1140 2472 1226 Π,

307 1259 450 1345 693,
496 1260 633 1346 ΙΠ,
683 1262 830 1346 908,
879 1283 1015 1352 qua
1057 1260 1130 1329 in
1175 1285 1252 1330 re
1296 1261 1543 1330 iterum
1574 1264 1898 1350 quantam
1940 1259 2061 1328 ille
2105 1259 2282 1348 apud
2325 1281 2478 1347 pos·

307 1376 596 1447 teriores
628 1377 951 1447 habuerit
981 1378 1464 1448 auctorilzatem
1493 1376 1791 1468 perspici
1816 1379 2068 1466 potest,
2100 1374 2216 1465 qui
2242 1375 2476 1445 eadem

306 1492 519 1562 forma
547 1495 827 1585 saepius
859 1494 966 1563 usi
997 1495 1156 1580 sint,
1187 1498 1271 1565 ut
1298 1495 1468 1586 Opp.
1493 1495 1653 1564 Hal.
1685 1494 1819 1579 ΠΙ,
1848 1493 2003 1583 311;
2052 1493 2258 1582 Orph.
2289 1491 2476 1560 Lith.

307 1611 429 1679 179
455 1612 593 1682 Ab.
685 1612 894 1698 Idem,
943 1613 1102 1702 qnia
1146 1616 1390 1701 ἔμμορε
1435 1614 1545 1699 (Α,
1592 1613 1723 1680 278
1768 1615 1842 1680 et
1885 1611 2002 1700 al.)
2047 1608 2293 1680 aoristi
2334 1609 2478 1678 for-

305 1752 474 1798 mam
519 1728 983 1815 existimabat,
1026 1730 1127 1815 II,
1172 1731 1218 1797 4
1261 1733 1335 1800 et
1376 1729 1501 1813 IV,
1549 1730 1636 1796 42
1681 1733 1963 1816 ἔμμορες
2004 1726 2237 1817 posuit
2258 1726 2328 1817 ¹).

474 1849 640 1916 Iure
686 1851 917 1916 autem
959 1848 1109 1915 fieri
1140 1847 1427 1932 credam,
1475 1847 1534 1916 si
1578 1850 1819 1915 contra
1862 1845 1986 1914 has
2014 1845 2269 1914 formas
2312 1867 2477 1914 non-

299 1964 535 2034 nullae
596 1967 962 2054 ponunlzur,
1023 1970 1194 2053 quas
1260 1967 1712 2053 congruentes
1758 1987 1908 2032 cum
1954 1963 2307 2032 Homerico
2352 1985 2479 2031 usu

296 2083 666 2171 usurpavit
709 2081 1140 2172 Apolloniae,
1205 2103 1608 2170 quamquam
1653 2103 1708 2149 e.
1754 2103 1859 2169 gr.
1908 2101 1952 2148 a
1993 2079 2279 2169 firagicis
2341 2102 2480 2149 non

304 2203 497 2269 recte
541 2198 889 2268 adhibitae
935 2202 1155 2267 erant.
1245 2198 1663 2267 Luculenter
1725 2197 1901 2266 enim
1963 2219 2048 2266 ex
2108 2196 2293 2264 illius
2353 2219 2480 2266 usu

307 2316 617 2406 cognosci
661 2318 891 2405 potest
931 2318 1101 2384 bene
1143 2314 1337 2383 illum
1366 2316 1636 2385 novisse
1685 2322 1891 2403 ἴαχον,
1940 2313 2196 2403 (ε’)κιον,
2239 2315 2481 2382 ἔκλυον

315 2433 555 2503 aoristi
597 2455 875 2502 munere
922 2433 1103 2521 apud
1145 2431 1509 2501 Homerum
1552 2432 1768 2521 fungi.

482 2551 673 2621 Nihil
736 2553 966 2620 autem
1027 2550 1200 2620 certi
1262 2549 1344 2619 de
1408 2549 1629 2619 forma
1691 2547 2004 2637 ἀηθέσσω
2050 2548 2174 2634 IV,
2223 2548 2306 2616 38
2351 2486 2484 2617 dici

299 2671 563 2757 postest.
654 2667 828 2737 Cum
873 2668 1049 2736 enim
1091 2667 1223 2758 Ap.
1273 2669 1614 2755 ἀήθεσσον
1661 2671 1730 2733 K
1741 2667 1874 2734 493
1918 2689 2045 2756 pro
2087 2664 2483 2756 imperfecto

304 2785 626 2855 habuisse
670 2785 1010 2870 videatur,
1057 2785 1303 2854 mirum
1349 2787 1457 2854 ess
1500 2808 1622 2854 cur
1669 2784 1815 2875 ipse
1858 2784 1916 2870 Ι,
1951 2784 2118 2852 1171
2167 2784 2483 2870 ἀήθεσον,

306 2927 447 2973 non
492 2903 835 2990 ἀήθεσσον
878 2902 1204 2991 posuerit.

317 3047 323 3055 ·
362 3027 365 3028 ’
489 3020 746 3105 Quibus
805 3019 1045 3089 formis
1105 3018 1431 3089 tractatis
1493 3021 1766 3090 restant
1810 3019 1940 3085 duo
1987 3017 2291 3086 ordines:
2353 3038 2484 3084 uno

312 3136 749 3207 continentur
779 3158 919 3221 eae,
954 3158 1120 3226 quas
1153 3136 1284 3224 Ap.
1313 3159 1397 3205 ex
1427 3135 1618 3225 epica
1647 3134 1758 3203 vel
1789 3134 2057 3224 poetica
2089 3133 2484 3216 elocutione,

313 3255 560 3339 altero,
622 3275 792 3343 quas
839 3275 923 3322 ex
966 3253 1226 3322 usitato
1273 3275 1576 3322 sermone
1639 3252 1917 3341 recepit.
2006 3251 2267 3320 Prioris
2329 3255 2489 3322 sunt

319 3372 478 3439 hae:

318 3487 562 3558 coristi
624 3489 1015 3558 verborum:
1086 3488 1385 3573 ἀλεγύνω
1448 3486 1727 3576 Emped.
1795 3485 1883 3556 fr.
1935 3487 2057 3554 137
2081 3487 2189 3573 D;
2254 3486 2312 3568 I,
2360 3485 2494 3554 394

493 3608 565 3674 el:
609 3605 697 3674 al.

493 3725 781 3811 λαχαίνω
826 3722 962 3807 111,
1010 3722 1174 3804 2223
1218 3721 1584 3811 Lycophro
1632 3722 1782 3791 624.

492 3840 849 3925 μοιράομαι
893 3839 1016 3923 IV,
1069 3839 1271 3923 15333
1321 3838 1565 3908 Aesch.
1616 3838 1803 3927 Sept.
1850 3839 2013 3924 8893

321 3956 712 4047 praesentia
755 3957 1152 4041 verborum:
1201 3956 1435 4042 ὀχλίζω
1483 3956 1538 4040 Ι,
1584 3955 1751 4040 402;
1799 3957 2125 4041 τερσαίνω
2167 3953 2293 4037 IV,
2321 3954 2489 4040 6073

323 4073 690 4163 Lycophro
725 4073 888 4160 3903
932 4072 1315 4162 perfectum
1345 4073 1704 4162 μεμαρπώς
1732 4070 1894 4140 Hes,
1930 4094 2036 4160 op.
2069 4071 2231 4159 2043
2279 4072 2493 4141 verba

362 4371 371 4376 .
484 4329 562 4401 -1)
597 4325 790 4400 anach
824 4326 862 4383 1.
892 4326 936 4383 1.
977 4342 1034 4398 p.
1074 4328 1372 4384 nis-130.
