3178 5200
1417 500 1501 571 51

9 660 98 729 ries
355 666 600 760 δόμος,
649 677 899 760 δωμᾶν
922 675 1386 766 coniungenda
1429 678 1607 745 sunt.
1637 680 1642 689 '
1699 674 1868 743 Cum
1910 674 2088 744 enim
2128 672 2476 745 Nauckius
2493 673 2546 763 ¹)

9 779 80 850 w
364 812 608 860 vocem
657 802 892 879 νωμᾶν
955 815 1157 863 unam
1223 816 1260 863 e
1321 792 1518 862 huius
1583 792 1765 862 modi
1829 792 2177 862 vocabulis
2244 795 2547 863 veterem

9 904 61 966 ἔθ’
365 914 523 978 esse
568 909 1139 981 demonstraverit
1155 962 1172 996 ‚
1240 913 1471 997 δωμᾶν
1517 914 1780 1000 quoque
1824 909 1954 979 huc
1995 909 2355 979 referenda
2400 933 2547 980 esse

9 1042 30 1082 ff
362 1025 651 1096 videtur
669 1078 685 1108 ,
761 1048 933 1117 quae
1001 1051 1148 1096 oum
1213 1027 1337 1096 illa
1394 1027 1529 1096 hoc
1593 1027 1843 1097 habeat
1908 1050 2281 1113 commune,
2367 1026 2551 1117 quod

358 1164 591 1232 neque
666 1146 900 1231 δομεῑν
974 1167 1191 1234 neque
1265 1156 1500 1230 νομεῖν
1566 1144 2034 1231 inveniuntur,
2108 1144 2241 1213 nisi
2313 1146 2547 1231 δομεῖν

361 1259 841 1330 recentissima
883 1264 1134 1348 aetate,
1181 1262 1389 1347 velut-‚1
1420 1261 1599 1352 apud
1642 1262 2011 1330 Arria-num
2055 1283 2161 1330 an.
2210 1263 2270 1347 7,
2317 1262 2424 1329 22.

549 1377 692 1448 Nos
737 1382 1015 1449 verbum
1061 1382 1367 1465 μυδαίνω
1410 1379 1588 1469 apud
1616 1379 2130 1469 Lycophronem
2160 1379 2332 1448 1008
2374 1381 2547 1447 ἔνθα

360 1497 682 1582 μυδαίνει
725 1506 955 1576 ποτοῖς
992 1496 1004 1585 Ι
1035 1496 1391 1582 Ὠκίναρος
1425 1506 1553 1582 γῆν
1598 1499 1674 1565 et
1716 1496 2154 1587 Apollonium
2195 1496 2327 1581 ΠΙ,
2376 1495 2545 1563 1042

361 1614 675 1699 μυδήνας
718 1615 871 1680 τόδε
916 1614 1271 1701 φάρμακον
1315 1612 1473 1701 (ΙΠ,
1523 1613 1722 1700 1247)
1779 1613 2088 1701 legimu8‚
2135 1615 2342 1702 atque
2387 1634 2550 1681 casu

365 1728 699 1799 accidisse
744 1729 1041 1815 videtur,
1085 1733 1170 1798 ut
1210 1730 1378 1799 haec
1420 1732 1694 1799 tantum
1738 1730 1921 1800 vocis
1967 1730 2275 1821 exempla
2319 1751 2545 1800 serva-

363 1849 640 1932 rentur,
702 1847 860 1936 quia
901 1847 1012 1916 hio
1054 1847 1398 1916 notionem
1440 1847 1765 1937 liquandi,
1822 1847 1968 1916 illic
2010 1847 2354 1915 madidum
2393 1847 2548 1916 red-

370 1963 581 2032 dendi
615 1968 923 2055 usurpat,
970 1965 1251 2033 tertiam
1295 1968 1523 2033 autem
1566 1966 1779 2034 affert
1807 1963 2212 2052 Hesychius,
2260 1963 2377 2054 qui
2418 1986 2546 2053 pro

10 2112 16 2149 1
369 2085 615 2168 σήπειν
658 2081 819 2171 poni
862 2080 1048 2150 dicit.
1159 2081 1482 2150 Continet
1538 2081 1755 2170 igitur
1809 2081 1935 2151 hoc
1991 2084 2275 2151 verbum
2319 2081 2550 2151 activa

9 2202 37 2271 'fi
369 2198 446 2268 vi
494 2178 607 2268 eas
653 2199 983 2285 notiones,
1031 2221 1194 2289 quas
1239 2200 1471 2285 μυδάω
1516 2198 1981 2269 intransitiva.

9 2341 57 2388 um
547 2317 671 2399 At,
695 2320 973 2402 verbum
1018 2318 1244 2384 δύπτω
1288 2320 1497 2408 poeta
1539 2338 1624 2385 ex
1659 2315 2127 2406 Lycophronis
2169 2314 2551 2405 glossarum

9 2441 62 2506 ico
372 2433 570 2523 copia
643 2434 999 2524 sumpsisse
1064 2433 1368 2504 videtur:
1445 2434 1513 2519 Ι,
1564 2434 1736 2501 1008
1803 2433 1872 2513 ἐς
1938 2433 2237 2522 ἁλμυρὸν
2303 2434 2548 2520 ἀθρόοι

9 2576 63 2628 {se
371 2552 560 2639 ὕδωρ
632 2553 996 2654 δύπτοντες
1067 2554 1361 2640 κεφαλὰς
1433 2549 1541 2619 καὶ
1613 2555 1896 2639 στήθεα;
1973 2550 2040 2634 Ι,
2090 2550 2260 2619 1326
2327 2554 2549 2618 νειόθι

376 2671 626 2755 δύψας;
706 2667 834 2738 hac
894 2669 1338 2739 intransitiva
1396 2669 1470 2737 vi
1522 2668 1688 2759 Lyc.
1734 2669 1863 2737 715
1923 2671 2091 2756 πρὸς
2147 2679 2323 2755 κῦμα
2385 2670 2550 2735 δυπ-

375 2788 624 2867 τούσας
668 2797 934 2875 πτεροῖς
995 2790 1067 2855 et
1114 2788 1244 2855 164
1286 2769 1489 2870 ἔδυψε
1535 2785 1821 2874 Νηρέως
1865 2788 2133 2871 δόμους.
2225 2784 2360 2854 Sed
2402 2806 2551 2853 cum

9 2872 58 2938 ¹⁹⁶
375 2903 514 2973 iam
585 2903 1031 2973 Antimachus
1108 2903 1222 2992 (fr.
1270 2905 1310 2972 6
1337 2904 1424 2992 Β)
1513 2903 1640 2972 hoc
1711 2904 2038 2973 vocabulo
2113 2925 2273 2972 usus
2352 2905 2547 2988 esset,

375 3024 739 3111 utrumque
785 3044 868 3090 ex
911 3021 1052 3104 fflo,
1098 3024 1180 3089 ut
1223 3021 1496 3107 soleret,
1542 3020 1820 3112 petiisse
1866 3020 2251 3090 credideris.
2348 3019 2354 3028 ‘

554 3138 899 3223 Quattuor
943 3137 1183 3207 deinde
1226 3140 1436 3216 verba
1477 3137 1936 3223 inveniuntur,
1983 3159 2154 3225 quae
2199 3138 2284 3206 ab
2323 3135 2549 3206 Arato
2586 3156 2625 3242 ἓ
2669 3155 2775 3224 20,

376 3259 636 3326 novata
683 3256 1111 3347 Apollonius,
1182 3279 1377 3345 quem
1421 3279 1557 3325 non
1603 3256 1872 3343 singula
1916 3257 2185 3325 tantum
2227 3254 2553 3325 vocabula

393 3372 578 3456 illius
622 3373 954 3463 recepisse
998 3376 1283 3459 constat,
1330 3373 1607 3462 recepit.

398 3475 404 3480 ⁴
556 3490 759 3560 Arat.
806 3492 935 3560 856
979 3490 1086 3559 ταὶ
1132 3490 1188 3557 δ’
1238 3492 1415 3578 ἀμφί
1460 3516 1579 3577 μιν
1625 3493 1795 3558 ἔνθα
1838 3488 1948 3558 καὶ
1993 3492 2164 3557 ἔνθα

557 3608 820 3687 ἀκτῖνες
862 3611 1202 3694 μεσσηγὺς
1246 3605 1804 3692 ἑλισσόμεναι
1853 3607 2340 3694 διχόωνται;

555 3725 686 3815 Ap.
732 3723 859 3809 IV,
908 3720 1087 3792 1616
1149 3723 1380 3795 eodem
1423 3746 1657 3793 versus
1702 3722 1879 3809 loco,
1942 3722 2058 3791 ubi
2125 3721 2209 3790 de
2269 3721 2552 3791 Tritone

387 3841 656 3926 dicitur,
702 3844 904 3909 κόπτε
950 3840 1007 3908 δ’
1055 3840 1383 3920 ἀκάνθαις

556 3961 766 4047 ἄκρον
809 3958 1017 4045 ὕδωρ,
1065 3960 1149 4030 αἴ,
1175 3983 1245 4026 τε
1289 3963 1587 4036 σκολιοῖς
1631 3957 1964 4025 ἐπινειόθι
2009 3956 2308 4043 κέντροις

559 4080 775 4163 μήνης
804 4076 894 4155 ὡς
923 4075 1275 4162 κεράεσσιν
1318 4074 1813 4159 ἐειδόμεναι
1856 4076 2294 4160 διχόωντο.
2358 4071 2555 4157 Quod

46 4231 47 4300 Q
385 4195 701 4274 verbum,
777 4192 963 4261 cuius
1040 4191 1334 4262 activum
1407 4191 1669 4281 legitur
1727 4190 1929 4260 Arat.
1989 4191 2136 4274 512,
2197 4190 2343 4274 605,
2403 4189 2551 4274 773,

572 4436 627 4508 1)
666 4434 948 4506 Melanges
965 4433 1422 4491 .Greco·romains
1461 4434 1553 4506 IV,
1592 4434 1891 4492 586—593.
2254 4495 2262 4509 ‚¹

2048 4533 2136 4602 4*
