3178 5200
468 583 505 668 ς
551 581 654 652 12.

1733 406 1821 474 34

869 577 1102 649 Verba
1138 577 1396 665 deinde,
1443 601 1618 669 quae
1647 578 2053 670 Apollonius
2083 583 2352 650 mutata
2380 580 2877 670 significatione

693 697 1073 787 usurpavit,
1138 696 1360 766 omnia
1402 697 1657 766 afferre
1700 697 1814 766 vel
1856 700 2162 767 tractare
2205 698 2483 787 longum
2526 701 2651 784 est,
2710 696 2878 788 quia

694 813 1148 902 significatum
1194 838 1426 884 eorum
1470 815 1848 900 verborum,
1919 836 2092 904 quae
2137 815 2345 884 etiam
2385 818 2545 906 post
2584 815 2878 884 Homeri

691 935 1003 1022 tempora
1045 933 1118 999 in
1162 954 1291 1000 usu
1321 935 1541 1020 erant,
1589 931 1770 1001 idem
1811 931 1920 1001 hic
1963 955 2125 1002 usus
2169 954 2494 1023 persaepe
2535 932 2876 1023 paulatim

687 1048 939 1117 multas
986 1046 1059 1116 in
1100 1050 1336 1137 partes
1395 1047 1785 1134 declinavit,
1851 1047 1991 1116 sive
2056 1046 2401 1117 coartavit
2442 1048 2585 1118 sive
2627 1048 2871 1139 ampli-

687 1166 924 1236 ficavit
939 1167 1025 1254 1);
1088 1188 1307 1256 neque
1370 1168 1480 1234 est
1540 1164 1805 1251 mirum,
1869 1165 1930 1236 si
1973 1165 2100 1234 hoc
2145 1188 2342 1256 saepe
2401 1165 2584 1254 fugit
2640 1165 2872 1236 imita-

688 1289 929 1369 torem,
990 1283 1108 1373 qui
1149 1282 1327 1353 idem
1371 1283 1597 1353 verbis
1642 1305 1906 1373 quoque
1949 1306 2130 1352 mere
2176 1282 2379 1373 epicis
2424 1282 2615 1352 illam
2659 1306 2869 1373 syno-

686 1425 1050 1491 nymorum
1091 1401 1438 1471 notionem
1466 1401 1734 1486 tribuit,
1780 1401 1967 1470 cuius
2012 1401 2119 1469 rei
2162 1400 2377 1470 simile
2421 1401 2584 1490 quid
2627 1401 2868 1471 formis

689 1519 1188 1608 structurisque
1256 1518 1618 1588 translatis
1666 1518 1923 1587 factum
1968 1541 2114 1588 esse
2158 1518 2294 1587 iam
2335 1517 2644 1589 vidimus.
2734 1518 2869 1588 Ta-

685 1659 840 1705 men
898 1636 1010 1705 hic
1066 1658 1329 1725 quoque
1397 1634 1705 1725 exempla
1767 1657 2001 1725 pauca,
2070 1656 2244 1725 quae
2309 1636 2503 1725 quasi
2543 1635 2618 1704 in
2663 1657 2870 1705 unam

685 1758 953 1843 partem
995 1755 1309 1841 vergunt,
1376 1752 1789 1842 deligantur.
1881 1751 2228 1823 Nonnulla
2271 1753 2485 1823 verba
2526 1752 2600 1821 in
2641 1752 2867 1842 Argo-

685 1870 977 1940 nauticis
1022 1870 1332 1955 inveniri,
1379 1892 1550 1960 quae
1588 1873 1673 1940 ab
1697 1871 1993 1939 Homero
2043 1869 2333 1960 proprie,
2380 1870 2464 1940 ab
2496 1869 2866 1960 Apollonio

684 2000 1147 2076 μεταφορικῶς
1190 1992 1522 2078 usurpata
1566 1988 1724 2074 sint,
1771 2011 1856 2057 ex
1899 1988 2049 2077 ipsa
2096 1987 2201 2057 rei
2228 1990 2479 2057 natura
2523 1987 2863 2077 sequitur:

858 2105 1291 2196 participium
1335 2108 1699 2191 αἰθόμενος
1757 2103 1939 2196 apud
1982 2105 2351 2175 Homerum
2408 2103 2667 2175 nullam
2726 2105 2867 2174 nisi

685 2221 999 2291 radiandi
1039 2222 1153 2292 vel
1200 2222 1485 2292 ardendi
1530 2223 1876 2292 notionem
1921 2223 2266 2312 propriam
2308 2222 2557 2312 habet;
2603 2225 2680 2291 at
2725 2223 2859 2311 Ap.

684 2339 740 2426 1,
790 2341 959 2408 1245
1005 2340 1173 2409 dicit
1217 2344 1355 2429 θὴρ
1413 2381 1477 2392 -
1533 2346 1705 2429 λιμῷ
1752 2341 1809 2406 δ’
1859 2343 2222 2427 αἰθόμενος
2264 2343 2734 2427 μετανείσεται.

858 2463 927 2525 Χ
959 2458 1088 2526 411
1134 2463 1327 2537 Ἴλιος
1376 2497 1452 2508 -
1502 2457 1664 2545 πυρὶ
1710 2459 2025 2545 σμύχοιτο
2072 2459 2143 2548 (I
2181 2459 2366 2546 653);
2432 2459 2565 2547 Ap.
2631 2461 2864 2528 autem

684 2574 767 2644 de
813 2574 1050 2645 Medea
1094 2575 1263 2645 dicit
1325 2575 1463 2661 III,
1512 2575 1642 2645 446
1701 2586 1825 2664 κῆρ
1872 2577 2019 2663 ἄχει·
2059 2577 2425 2664 σμύχουσα,
2484 2575 2681 2646 velut
2722 2574 2861 2661 III,

684 2695 813 2761 762
874 2694 1085 2780 ὀδύνη
1132 2696 1498 2782 σμύχουσα.
1587 2694 1778 2778 Quae
1839 2696 2199 2764 verborum
2258 2694 2517 2780 urendi,
2578 2691 2866 2764 ardendi

682 2811 1120 2900 metaphorae
1166 2834 1315 2879 cum
1361 2833 1622 2900 semper
1680 2814 2172 2897 accrescebant,
2237 2814 2384 2881 tum
2426 2811 2550 2881 illa
2594 2814 2825 2882 aetate
2841 2836 2861 2899 ;

683 2950 890 3016 quare
935 2951 1083 2997 cum
1125 2927 1490 3017 Apollonio
1536 2928 1661 3014 IV,
1690 2929 1794 3014 58,
1854 2929 1970 2998 ubi
2011 2929 2206 2998 Luna
2251 2929 2349 2998 sio
2388 2929 2728 3019 loquitur:
2775 2929 2862 2998 οὐ

682 3046 741 3112 δ’
775 3048 884 3132 οἴη
928 3052 1108 3134 καλῷ
1154 3048 1578 3132 περιδαίομαι
1622 3045 2048 3132 Ἐνδυμίωνι,
2093 3046 2482 3116 conferendi
2528 3049 2687 3115 sunt
2729 3046 2867 3116 loci

683 3162 1082 3232 Callimachi
1126 3163 1225 3248 II,
1255 3162 1341 3230 49
1387 3161 1631 3249 ἠιθέου
1674 3163 1791 3229 ὑπ’
1845 3165 2038 3247 ἔρωτι
2083 3163 2487 3250 κεκαυμένος
2510 3162 2861 3251 Ἀδμήτοιο

682 3283 755 3350 et
803 3279 1383 3349 Hermesianactis
1428 3279 1518 3347 fr.
1568 3280 1652 3364 V,
1700 3279 1786 3346 37
1807 3279 1901 3347 B:
1951 3285 2171 3349 καίετο
2216 3280 2341 3367 μὲν
2386 3285 2725 3361 Ναννοῦς.

852 3397 1058 3466 Aliae
1106 3397 1428 3467 eiusmodi
1471 3396 1968 3467 translationes
2015 3401 2176 3468 sunt
2220 3398 2378 3468 hae:

853 3515 977 3600 IV,
1026 3516 1111 3583 65
1156 3516 1360 3600 ἄλγος
1403 3516 1691 3601 ἀείρειν;

854 3631 979 3716 IV,
1029 3632 1200 3700 1006
1247 3632 1455 3718 ἀυτὴν
1499 3642 1761 3719 νωμᾶνς

862 3748 920 3834 Ι,
973 3750 1101 3818 645
1147 3751 1368 3837 ψυχὴν
1414 3749 1815 3837 ἐπεδέδρομε
1860 3753 2070 3836 λήθης

853 3866 949 3951 II,
1002 3867 1128 3934 159
1194 3868 1413 3949 ξανθὰ
1458 3867 1517 3934 δ’
1565 3867 1961 3956 ἐρεψάμενοι
2020 3867 2247 3955 δάφνῃ
2306 3868 2700 3954 καθύπερθε
2744 3870 2857 3953 μέ-

685 4006 890 4066 τωπα,
956 3982 1152 4053 velut
1200 3984 1363 4052 Eur.
1411 3984 1654 4055 Bacch.
1702 3985 1830 4053 323
1895 3994 2105 4072 κισσῷ
2167 3984 2215 4051 τ)
2268 3982 2687 4071 ἐρεψόμεσθα
2745 3985 2857 4053 καὶ

676 4103 1104 4189 χορεύσομεν.
1210 4189 1213 4190 ⁷

856 4245 912 4314 1)
950 4243 1124 4313 Quam
1159 4260 1276 4302 rem
1310 4245 1571 4315 persequi
1607 4261 1719 4302 non
1759 4250 1846 4302 est
1881 4246 2044 4303 huius
2082 4245 2358 4318 opuscu1i3
2399 4245 2469 4302 cf.
2506 4246 2663 4318 Paul,
2699 4246 2858 4306 Prin-

674 4344 895 4419 cipien,⁸
930 4362 986 4419 p.
1024 4349 1095 4403 67
1114 4362 1187 4403 ss.
