3178 5200
1726 447 1811 514 10

680 623 816 713 (op.
846 623 1001 711 485)
1045 622 1386 708 formavit,
1434 644 1568 712 qua
1612 622 1696 693 de
1725 646 1803 693 re
1832 624 1920 694 cf.
1950 623 2323 695 Rzachium
2364 647 2430 714 p.
2464 622 2592 693 142
2637 621 2851 693 dim-

680 743 962 828 rentem‚
1023 741 1143 830 qui
1186 744 1447 809 ceteras
1493 763 1758 831 quoque
1803 744 1888 811 ab
1934 743 2226 811 Homero
2271 741 2666 815 recedentes
2707 740 2848 810 for·

680 881 822 928 mas
868 858 1258 948 composuit,
1308 857 1553 927 omisso
1600 858 1834 938 πιέσας
1878 859 2009 945 ΙΠ,
2061 860 2248 928 1335.

849 975 1171 1045 Eiusdem
1237 975 1491 1044 ordinis
1557 978 1719 1045 sunt
1778 976 2153 1065 perfectum
2209 975 2535 1063 ἠερμένον
2579 975 2672 1057 11,
2724 975 2845 1043 171

679 1092 1023 1182 (Hippocr.
1088 1093 1150 1179 8,
1199 1093 1329 1161 280
1351 1092 1429 1161 L.
1495 1089 1723 1181 ἦρταις
1788 1096 2006 1179 ἄωρτο
2051 1096 2116 1160 Γ
2150 1093 2305 1179 242)
2369 1095 2442 1161 et
2504 1092 2750 1161 littera
2807 1117 2850 1179 η

678 1209 1129 1300 amplificatae
1173 1210 1434 1279 formae
1480 1234 1541 1279 v.
1588 1211 1775 1297 ἀέξω,
1839 1210 2186 1297 ἀεξηθέντι
2231 1209 2330 1294 Π,
2376 1209 2501 1278 511
2549 1213 2622 1278 et
2667 1209 2849 1295 ἀεξή-

679 1334 917 1396 σεσθαι
946 1327 1079 1413 ΠΙ,
1126 1329 1273 1413 837,
1321 1349 1493 1417 quae
1537 1328 1623 1398 de
1653 1352 1718 1397 v.
1750 1329 2012 1410 αὐξάνοι
2057 1327 2407 1397 derivatae
2452 1329 2649 1396 erant
2677 1349 2851 1396 com·

676 1467 926 1531 munes,
991 1445 1076 1514 de
1119 1470 1185 1515 v.
1232 1446 1397 1528 ἀέξω
1460 1445 1679 1515 adhuc
1738 1468 1876 1514 non
1941 1448 2311 1534 usurpatae
2369 1447 2455 1514 ab
2497 1444 2851 1535 Apollonii

676 1562 1097 1652 temporibus
1144 1565 1372 1653 epicae
1415 1586 1696 1654 poeseos
1761 1562 2072 1652 propriae
2120 1566 2353 1651 erant3
2423 1585 2480 1632 e.
2501 1585 2627 1651 ·gr.
2675 1562 2844 1648 Nic„

677 1679 846 1769 Opp'.
892 1680 1050 1748 Hal.
1096 1681 1182 1766 V,
1227 1681 1389 1769 4643
1437 1681 1659 1750 Noun.
1704 1680 1790 1747 D.
1837 1679 1999 1761 XII,
2043 1680 2148 1747 24.

450 1800 490 1880 ἓ
537 1798 596 1864 2.
852 1796 1249 1884 ἀεξήσεσθαι
1312 1801 1541 1868 autem
1598 1796 1875 1866 notione
1934 1796 2212 1887 passiva
2255 1799 2653 1886 usurpatum
2699 1818 2847 1865 esse

676 1913 970 2002 dignum,
1038 1915 1217 2003 quod
1278 1914 1890 1984 animadvertatur.
1997 1913 2275 1983 Nullum
2338 1914 2514 1983 enim
2575 1913 2647 1981 in
2706 1912 2845 1983 Ar·

673 2030 1057 2119 gonauticis
1143 2032 1453 2099 futurum
1540 2031 1613 2099 in
1701 2035 2066 2117 -θήσεσθαι
2151 2031 2392 2100 cadens
2479 2031 2847 2100 invenitur.

675 2146 1109 2235 Cognoverat
1169 2148 1386 2236 igitur
1429 2148 1562 2237 Ap.
1609 2148 1729 2216 has
1787 2148 2043 2217 formas
2108 2149 2191 2217 ab
2235 2147 2529 2216 Homero
2593 2146 2848 2216 alienas

675 2285 839 2348 esse,
888 2278 1098 2353 eaque
1143 2263 1228 2332 de
1273 2286 1476 2334 causa
1520 2269 1925 2354 aspernatus
1973 2267 2098 2350 est,
2148 2264 2329 2334 haud
2372 2265 2578 2335 aliter
2620 2286 2700 2334 ac
2743 2265 2848 2332 fu·

672 2381 816 2450 turi
861 2380 1244 2469 optativum
1263 2381 1330 2468 1).
1423 2381 1529 2451 Ne
1559 2381 1710 2470 quis
1753 2381 2056 2467 miretur,
2103 2382 2285 2473 quod
2327 2381 2602 2450 tantula
2643 2383 2850 2470 poeta

672 2497 1155 2586 grammaticus
1220 2500 1718 2583 observaverit,
1788 2499 2102 2568 conferat
2163 2498 2386 2583 velim,
2455 2520 2628 2588 quae
2672 2500 2845 2566 Mer-

671 2615 892 2685 kelius
960 2616 1158 2704 proll.
1206 2640 1270 2706 p.
1322 2616 1542 2685 CLVI
1606 2617 1690 2686 de
1753 2619 2119 2704 αἱμυλίοισι
2187 2620 2445 2703 λόγοισι
2508 2617 2844 2686 disseruit.

674 2733 802 2803 Cui
847 2733 1151 2822 exemplo
1197 2733 1384 2802 aliud
1429 2733 1746 2818 addatur,
1792 2756 1922 2823 quo
1970 2738 2227 2823 quanta
2271 2733 2659 2803 subtilitate
2702 2735 2845 2802 imi·

672 2852 864 2919 tator
901 2854 1373 2940 perscrutatus
1420 2853 1492 2920 et
1536 2855 1928 2939 persecutus
1976 2852 2071 2920 sit
2114 2852 2497 2935 Homerum,
2561 2851 2843 2921 eluceat.

671 2968 783 3036 Ab
811 2967 1171 3037 Homerica
1215 2968 1594 3036 elocutione
1626 2969 1890 3036 omnino
1938 2970 2160 3037 aliena
2203 2991 2351 3038 esse
2396 2968 2731 3038 adiectiva
2775 2970 2846 3036 in

673 3088 843 3165 -ικός
870 3085 1182 3154 cadentia
1212 3084 1442 3154 docuit
1460 3084 2096 3174 Wackernagelius:
2143 3086 2583 3155 inveniuntur
2609 3086 2682 3153 in
2706 3085 2845 3154 Ho-

668 3203 837 3272 meri
881 3202 1283 3272 carminibus
1319 3202 1647 3272 nonnulla
1675 3203 1944 3271 nomina
1971 3203 2162 3273 velut
2200 3204 2540 3290 Ἀχαιικός,
2586 3208 2845 3271 Πελασ-

671 3324 879 3407 γικός,
946 3325 1309 3409 praeterea
1370 3323 1738 3410 ὀρφανικός
1797 3324 1871 3389 et
1925 3325 2300 3408 παρθενική
2315 3346 2330 3408 ;
2394 3343 2612 3409 neque
2680 3320 2847 3389 haec

672 3442 832 3507 sunt
878 3438 1215 3507 adiectiva
1233 3438 1300 3526 ²).
1392 3438 1637 3528 Itaque
1701 3461 1788 3507 ne
1836 3438 2236 3528 Apollonius
2306 3438 2576 3527 quidem
2627 3438 2846 3506 ullum

669 3559 958 3644 usurpat
1002 3555 1411 3626 adiectivum
1438 3557 1511 3624 in
1542 3559 1716 3635 -ικός
1745 3556 2055 3625 desinens
2090 3555 2223 3623 nisi
2252 3555 2521 3624 nomina
2561 3555 2846 3645 propria

672 3676 745 3743 et
788 3678 1163 3760 παρθενική
1224 3698 1380 3743 mox
1439 3697 1561 3763 pro
1608 3673 2037 3743 substantivo
2098 3696 2253 3741 mox
2296 3695 2421 3763 pro
2486 3672 2841 3758 adiectiVO,

851 3897 905 3968 1)
942 3897 1109 3954 Laur.
1137 3897 1356 3970 quidem
1379 3899 1591 3955 nullum
1615 3898 1922 3968 exemplum
1946 3897 2209 3968 praebet3
2241 3897 2432 3967 itaque
2456 3895 2606 3953 haud
2630 3897 2745 3953 scio
2771 3913 2843 3954 an

667 4016 779 4055 non
814 4004 965 4055 recte
984 3999 1334 4057 Wellauerus
1372 4001 1466 4070 IV,
1496 4003 1635 4057 1660
1672 3996 1823 4070 ρέξοι
1859 3996 2148 4068 receperit.
2188 3998 2282 4070 (II,
2319 4001 2424 4055 469
2460 3995 2696 4069 μογήσοι
2732 4015 2842 4056 non

667 4099 778 4155 nisi
814 4115 1001 4155 errore
1041 4100 1306 4170 explicari
1343 4102 1570 4172 potest.)

848 4201 907 4272 2)
943 4201 1031 4256 W.
1054 4202 1314 4258 Schulze:
1353 4202 1466 4258 Zur
1486 4202 1681 4259 Gesch.
1703 4201 1754 4257 d.
1774 4202 1871 4257 lat.
1892 4200 2266 4271 Eigennamen
2285 4217 2339 4271 p.
2359 4203 2480 4255 418.
2557 4199 2663 4269 Qui
2698 4198 2842 4255 idem

669 4301 892 4359 tertium
928 4303 1091 4359 huius
1129 4302 1277 4359 modi
1312 4304 1637 4361 imitationis
1677 4302 1984 4373 exemplum
2021 4317 2229 4358 mecum
2271 4300 2716 4371 communicavit3
2770 4300 2838 4356 cf.

664 4404 733 4462 K.
770 4404 830 4463 z.
869 4404 1177 4478 xxxvm,
1218 4408 1341 4462 287.
