3178 5200
9 730 86 799 ἰ’νο

9 876 56 920 [28

1487 527 1573 595 29

427 690 711 791 ῥοπάλῳ
776 701 1093 771 δαπέδοιο
1156 701 1449 789 τινάξας;
1518 700 1574 787 Ι,
1624 701 1796 769 1030
1840 703 2437 789 δηιότητος·οἴκαδε
2484 701 2613 771 ἰκέ-

432 823 631 906 σθαις
684 819 820 906 ΠΙ,
860 820 1032 888 1254
1073 814 1232 887 ἆλτο
1263 819 1327 886 δ’
1364 819 1911 908 ἀκωκὴῐραιστὴρ
1957 822 2248 906 ἄκμονος
2291 823 2457 889 ὥστε
2487 843 2611 888 πα-

435 937 789 1024 λιντυπέςς
850 937 976 1022 IV,
1025 939 1153 1006 598
1205 936 1493 1005 Φαέθων
1537 935 1741 1005 πέσεν
1785 938 2073 1024 ἅρματος
2112 937 2435 1024 Ἠελίοιο;
2482 937 2607 1023 IV,

437 1055 566 1123 728
612 1060 841 1123 autem
883 1055 1241 1142 βλεφάρων
1285 1057 1415 1122 ἄπο
1462 1058 1703 1141 τηλόθι
1736 1092 1818 1104 --
1850 1055 2039 1122 ἵεσαν
2081 1054 2472 1143 legendum3
2519 1055 2607 1124 cf.

435 1173 562 1257 IV,
609 1172 799 1256 1188,
845 1172 964 1240 ubi
1006 1173 1219 1241 verba
1261 1172 1491 1239 θυέων
1537 1173 1601 1239 δ’
1654 1173 1785 1240 ἄπο
1829 1176 2069 1258 τηλόθι
2130 1176 2315 1259 κήκιε
2378 1174 2613 1258 λιγνύς

437 1289 674 1359 eadem
731 1311 1013 1358 caesura
1071 1292 1389 1379 separata
1451 1294 1629 1358 sunt.
1736 1289 2064 1378 Exempla
2142 1289 2323 1358 haud
2393 1289 2612 1359 multa

435 1406 798 1476 Homerica
838 1408 1143 1478 invenias
1187 1407 1369 1497 apud
1412 1407 1651 1475 Monro
1695 1430 1761 1497 p.
1796 1407 1923 1475 147
1945 1431 2012 1493 s;
2075 1407 2193 1496 qui
2253 1410 2610 1497 postquam

436 1524 615 1592 hunc
701 1548 895 1593 usum
978 1524 1603 1613 genetivi-ablativi
1680 1524 1861 1614 apud
1933 1523 2302 1595 Homerum
2380 1546 2611 1593 rarum

437 1664 603 1726 esse,
668 1643 729 1710 si
772 1645 1037 1711 ceterae
1082 1642 1356 1729 linguae
1399 1640 1983 1731 indogermanicae
2030 1644 2606 1732 compararentur,

435 1759 769 1848 exposuit,
817 1757 986 1828 dicit
1027 1758 1223 1827 haec:
1270 1759 1485 1828 Later
1526 1761 1722 1849 poets
1768 1781 1945 1827 seem
1987 1762 2062 1828 to
2107 1760 2192 1827 be
2234 1782 2420 1828 more
2463 1759 2610 1828 free

435 1877 508 1944 in
574 1877 714 1945 this
780 1880 1050 1966 respect
1115 1875 1482 1964 (probably
1570 1877 1855 1945 because
1923 1875 2096 1964 they
2159 1876 2433 1945 treated
2490 1876 2611 1945 the

434 2015 649 2081 usage
695 2015 770 2061 as
818 2016 906 2060 an
950 1992 1295 2077 archaism‚
1362 1992 1661 2082 adopted
1722 2015 1796 2061 as
1844 1993 2048 2081 being
2089 1992 2442 2082 poetical);
2510 2016 2612 2062 se-

436 2112 740 2199 quuntur
783 2109 1177 2179 testimonia
1220 2110 1656 2199 tragicorum.

607 2226 865 2317 Aliqua
920 2228 1187 2298 ratione
1248 2227 1380 2297 huc
1441 2228 1745 2317 pertinet
1801 2252 1937 2297 vox
1998 2228 2311 2315 ἀτύζομαι
2356 2252 2411 2297 c.
2457 2250 2609 2316 gen.

437 2344 683 2414 omissa
719 2346 1225 2433 praepositione
1267 2346 1522 2435 posita:
1570 2345 1666 2431 Π,
1699 2347 1826 2414 635
1871 2339 1969 2414 εἷο
2016 2344 2140 2432 μὲν
2184 2345 2333 2415 οὐδ’
2370 2346 2610 2431 ἠβαιὸν

436 2463 752 2549 ἀτύζομαι
786 2493 866 2522 =
900 2461 1053 2551 περὶ
1098 2463 1262 2550 ἐμοῦ
1307 2462 1432 2550 μὲν
1478 2462 1680 2531 οὐδὲν
1724 2468 2097 2550 φοβοῦμαι;
2145 2466 2229 2531 ut
2255 2462 2422 2531 Eur.
2453 2462 2611 2532 Tro.

437 2581 569 2648 810
613 2581 1011 2668 ἀτυζόμενος
1040 2582 1313 2669 πώλωνς
1360 2581 1570 2650 fuisse
1601 2579 1820 2670 igitur
1850 2581 2015 2651 haec
2060 2583 2411 2651 structura
2455 2602 2612 2670 poe-

435 2699 618 2768 ticae
659 2704 740 2768 ut
784 2700 890 2767 ita
927 2699 1142 2768 dicam
1172 2702 1539 2786 συνηθείας
1567 2699 1858 2769 videtur.
1947 2700 2050 2769 Ut
2079 2706 2305 2769 autem
2336 2700 2614 2767 verbum

438 2829 671 2886 κυνεῖν
700 2817 756 2902 Ι,
791 2817 918 2884 313
948 2820 1064 2884 καί
1087 2844 1204 2902 μιν
1235 2818 1568 2906 δεξιτερῆς
1596 2820 1815 2906 χειρὸς
1844 2819 2068 2903 κύσεν,
2114 2840 2261 2886 cum
2292 2815 2610 2906 genetivo

439 2934 987 3023 conjungeretur,
1061 2934 1358 3004 fortasse
1433 2934 1751 3023 analogia
1814 2961 1873 3003 ν.
1948 2936 2295 3016 ἅπτεσθαι,
2373 2936 2614 3015 ψαύειν

439 3053 756 3121 effectum
802 3054 924 3120 est.

617 3170 893 3257 Contra,
955 3193 1103 3239 cum
1160 3170 1292 3259 Ap.
1340 3193 1654 3260 magnum
1713 3193 2067 3238 numerum
2126 3172 2406 3259 usurpet
2463 3190 2612 3237 ver-

446 3289 684 3355 borum
727 3288 1246 3377 compositorum
1292 3287 1405 3357 vel
1448 3288 1754 3358 dativum
1798 3287 1908 3357 vel
1953 3287 2345 3375 genetivum
2388 3285 2615 3355 rarius

445 3403 905 3475 accusativum
928 3404 980 3491 1)
1022 3404 1554 3491 adsciscentium,
1620 3427 1792 3493 quae
1835 3403 2392 3473 Linsenbarthius
2437 3427 2501 3492 p.
2547 3425 2614 3492 p.

444 3522 559 3610 103
630 3523 747 3607 26;
811 3523 929 3610 465
999 3523 1085 3589 54
1111 3546 1162 3592 s.
1211 3522 1571 3611 congessit,
1641 3522 1915 3591 dubium
1978 3524 2084 3590 est
2145 3523 2376 3589 utrum
2419 3544 2456 3590 e
2500 3543 2615 3590 ve-

441 3639 610 3708 teris
669 3638 1066 3709 elocutionis
1124 3640 1493 3709 imitandae
1553 3639 1831 3708 consilio
1879 3662 1964 3709 an
2010 3661 2199 3708 suum
2247 3661 2617 3707 sermonem

444 3760 712 3826 secutus
744 3758 1282 3847 praepositiones
1325 3759 1647 3827 omiserit.
1718 3758 1874 3828 Non
1905 3758 2121 3828 solum
2152 3758 2327 3827 enim
2357 3779 2437 3826 ea
2466 3779 2614 3825 ver-

330 3961 336 3966 ,
442 3877 546 3959 ba,
573 3897 742 3965 quae
757 3871 1088 3944 Homerus
1113 3899 1262 3944 cum
1282 3876 1897 3965 praepositionibus
1926 3876 2280 3944 coniuncta
2299 3874 2617 3942 adhibue-

445 3993 701 4078 rat,sed
735 3992 944 4062 etiam
977 3993 1197 4061 multa
1241 3992 1352 4060 vel
1399 3996 1482 4061 ab
1530 3994 1684 4062 aliis
1716 3992 1827 4063 vel
1872 3995 1956 4062 ab
2000 3993 2120 4059 illo
2167 3992 2315 4079 ipso
2360 3993 2617 4060 novata

443 4110 574 4179 tali
638 4110 833 4180 modo
902 4114 1317 4200 usurpantur
1384 4111 1457 4178 in
1513 4110 2023 4200 Argonauticis.
2134 4110 2321 4194 Quae
2386 4110 2617 4177 tamen

454 4228 834 4297 accuratius
878 4228 988 4297 hic
1033 4252 1170 4296 non
1215 4231 1718 4313 tractabuntur,
1785 4228 1942 4316 quia
1984 4225 2291 4314 exempla
2335 4248 2417 4293 ex
2462 4224 2614 4295 aliis

631 4395 683 4467 1)
723 4394 1021 4465 singularis
1060 4399 1148 4451 est
1183 4398 1465 4451 structura
1498 4396 1542 4462 Ι,
1579 4396 1684 4450 667
1722 4396 1920 4449 θῶκον
1955 4387 2199 4462 ἐφίζανε.
