3178 5200
482 2721 522 2806 g
569 2719 673 2788 17.

722 605 838 693 35;
871 593 965 676 60'
980 607 1086 692 D„
1117 596 1540 677 Herodotum
1568 606 1648 694 V,
1672 606 1759 676 58
1781 607 1924 698 (ubi
1951 606 2285 679 Heurious
2318 607 2515 679 Stein
2557 611 2895 701 poetieam

719 745 867 792 esse
909 746 1141 793 vocem
1203 723 1599 812 contendit),
1661 723 1862 815 Soph.
1922 724 2031 793 Ai.
2090 726 2251 813 '715;
2315 725 2393 795 Ο.
2427 726 2501 794 C.
2554 728 2697 796 139.
2787 728 2897 798 At

718 839 893 908 alius
941 842 1051 909 est
1092 863 1250 910 usus
1280 840 1901 911 Alexandrinorum
1932 864 2175 932 eosque
2219 842 2669 913 imitantium:
2717 844 2892 914 Call.

714 957 772 1044 Ι,
820 958 941 1026 39:
1029 961 1409 1028 Καυκώνιον
1475 962 1902 1047 πτολίεθρον,
1961 960 1997 1027 ὃ
2046 961 2380 1049 Λέπρειον
2458 963 2890 1050 πεφάτισται,

715 1073 848 1164 Ap.
903 1075 1029 1162 IV,
1083 1077 1212 1145 658
1279 1077 1354 1145 ἐν
1422 1079 1496 1145 δὲ
1564 1079 1767 1164 λιμὴν
1820 1078 2110 1166 Ἀργῷος
2161 1078 2547 1167 ἐπωνυμίην
2562 1079 2609 1167 ¹)
2676 1082 2894 1168 πεφά-

712 1210 953 1279 τισται;
1001 1192 1058 1277 Ι,
1093 1193 1265 1261 1019
1300 1192 1474 1281 Ἱερὴ
1519 1193 1595 1261 δὲ
1642 1196 1974 1281 φατίζεται
2019 1190 2120 1280 ἥδ’
2171 1197 2267 1263 ἔτι
2312 1196 2550 1283 πέτρῃ
2599 1196 2686 1265 of.
2733 1196 2890 1266 Nic.

710 1309 800 1376 fr.
833 1310 939 1396 74,
972 1311 1059 1379 30
1104 1314 1178 1380 et
1222 1312 1391 1402 Opp.
1422 1310 1581 1380 Hal.
1625 1312 1684 1398 Ι,
1727 1312 1875 1381 638.
1966 1310 2266 1381 Videtur
2308 1313 2526 1403 igitur
2567 1314 2694 1383 hoo
2736 1337 2894 1384 ver-

712 1427 870 1496 bum
913 1427 983 1496 in
1027 1431 1266 1498 vetere
1310 1428 1473 1497 Iade
1520 1428 1869 1498 exstitisse
1888 1427 1958 1516 ²),
2022 1428 2264 1499 deinde
2309 1452 2351 1499 a
2394 1430 2614 1520 poetis
2661 1453 2895 1521 recep-

703 1547 859 1612 ‘bum
926 1568 1073 1614 esse
1135 1545 1412 1615 notione
1479 1545 1552 1613 in
1619 1545 1897 1616 eandem
1961 1550 2231 1637 partem
2296 1547 2741 1638 amplificata,
2815 1549 2895 1618 in

711 1683 912 1750 quam
957 1664 1191 1748 αὐδᾶν,
1240 1668 1425 1731 ἴσκεν
1465 1663 1766 1732 mutavit
1809 1663 2231 1754 Apollonius.

887 1778 1054 1847 Cum
1096 1780 1303 1849 verbo
1350 1781 1623 1866 εἰκάθω,
1669 1780 1848 1870 quod
1885 1785 2390 1871 usurpaverunt
2416 1782 2621 1852 Plato
2668 1783 2747 1873 (e.
2778 1806 2891 1872 gr.

709 1894 912 1985 Apol.
934 1894 1045 1985 32)
1092 1899 1164 1964 et
1230 1895 1593 1985 Sophocles
1639 1896 1911 1987 passim,
1961 1898 2142 1988 apud
2172 1898 2609 1989 Apollonium
2652 1900 2708 1986 Ι,
2735 1900 2889 1986 505,

706 2011 805 2096 11,
853 2012 999 2098 790,
1047 2011 1192 2097 ΙΙΙ,
1231 2012 1360 2079 841
1407 2015 1723 2081 exstante
1769 2013 2260 2103 comparandae
2305 2018 2466 2084 sunt
2502 2013 2678 2085 aliae
2709 2015 2890 2086 eius-

710 2128 861 2197 dem
902 2128 1083 2197 modi
1127 2128 1399 2217 syllaba
1443 2137 1593 2197 -αθ-
1640 2129 2094 2220 amplificat-‚ae
2154 2130 2430 2220 formae,
2501 2154 2674 2222 quae
2732 2156 2889 2222 pro·
3011 2122 3014 2125 “

709 2247 898 2336 priae
929 2245 1102 2336 epioi
1134 2246 1458 2316 sermonis
1491 2249 1681 2315 sunt:
1713 2250 2131 2333 μετεκίαθον,
2164 2251 2457 2336 ἔργαθεν
2485 2252 2570 2318 ab
2587 2248 2888 2319 Homero

707 2363 1207 2453 Apollonioque
1254 2363 1618 2433 adhibstae.
1711 2363 2028 2434 Ceterum
2082 2365 2261 2434 tales
2316 2365 2700 2456 similesque
2746 2367 2886 2436 for-

709 2504 853 2550 mas
919 2481 1277 2571 praecipue
1343 2503 1386 2550 a
1451 2480 1734 2571 tragicis
1803 2484 2091 2551 novatus
2166 2505 2310 2551 esse
2384 2482 2617 2553 docuit
2676 2484 2885 2552 Butt-

713 2622 1013 2684 mannus,
1062 2598 1184 2670 Gr.
1233 2598 1389 2689 Spr.
1434 2597 1532 2685 11,
1579 2622 1645 2687 p.
1692 2599 1776 2669 61
1810 2622 1896 2669 ss.

886 2716 1186 2786 Verbum
1254 2716 1496 2803 ἁγνίζω
1511 2767 1531 2802 ,
1606 2739 1754 2786 oum
1818 2717 2084 2785 omnino
2153 2717 2494 2787 notionem
2570 2717 2888 2808 expiandi

710 2834 978 2921 habeat,
1025 2836 1254 2904 tamen
1298 2837 1381 2903 ab
1417 2834 1550 2923 Ap.
1598 2834 1875 2903 notione
1920 2833 2184 2903 rariore
2227 2834 2634 2920 immolandi,
2681 2856 2883 2924 quam

710 2975 766 3022 e.
811 2976 912 3041 gr.
961 2951 1162 3043 Soph.
1210 2951 1376 3021 Ant.
1428 2952 1573 3037 196,
1636 2951 1803 3020 Eur.
1852 2952 2084 3042 Suppl.
2133 2953 2299 3020 1211
2365 2951 2686 3041 legimus,
2762 2952 2882 3022 ad-

707 3070 995 3140 bibitum
1039 3074 1178 3167 est:
1225 3070 1318 3155 Π,
1365 3071 1494 3137 926
1541 3072 1828 3156 ἥγνισαν
1872 3074 2117 3157 ἔντομα
2159 3075 2409 3158 μήλων.

880 3187 1097 3257 Verbi
1143 3189 1302 3254 ἴλλω
1347 3210 1508 3256 usus
1552 3186 2049 3277 Apollonianus
2096 3208 2137 3255 a
2180 3191 2563 3256 ceterorum
2606 3208 2878 3278 magno-

705 3327 874 3394 pere
927 3304 1270 3393 discrepas
1329 3325 1547 3392 neque
1607 3303 1787 3372 unde
1845 3303 2082 3373 veniat
2140 3304 2275 3373 diei
2335 3306 2582 3392 potest.
2646 3304 2703 3388 Ι,
2751 3304 2880 3371 129

707 3424 975 3507 δεσμοῖς
1007 3423 1362 3507 ἰλλόμενον
1407 3422 1478 3488 et
1522 3420 1622 3503 II,
1669 3420 1840 3488 1249
1888 3422 2236 3508 ἰλλόμενος
2279 3420 2634 3509 χαλκέῃσιν
2678 3426 2878 3490 ἀλυκ-

704 3538 1065 3627 τοπέδῃσιν
1094 3540 1506 3627 Προμηθεύς
1550 3538 1894 3626 passivum
1940 3537 2075 3607 vim
2107 3537 2464 3623 vinciendi„
2511 3537 2877 3627 colligandi

702 3657 952 3725 habere
996 3655 1413 3725 luculentum
1460 3658 1585 3742 est,
1652 3654 1892 3744 quibus
1940 3678 2088 3723 oum
2131 3655 2297 3723 loeis
2345 3656 2515 3723 bene
2559 3655 2878 3743 congruit

702 3772 797 3860 Π,
846 3775 949 3858 27,
1011 3773 1130 3842 ubi
1174 3773 1257 3841 de
1309 3773 1504 3842 leone
1562 3773 1921 3843 vulnerato
1981 3771 2269 3840 dicitur:
2337 3771 2374 3839 ὃ
2421 3772 2478 3840 δ’
2530 3774 2879 3859 ἰλλόμενός

885 4072 939 4143 1)
976 4068 1068 4126 hic
1117 4069 1265 4128 vocis
1325 4066 1651 4142 ἐπωνυμίην
1704 4085 1837 4128 usus
1890 4074 1947 4127 et
1999 4070 2121 4141 ipse
2175 4073 2261 4126 est
2304 4068 2680 4127 Herodoteus:
2739 4070 2874 4127 Hdt.

701 4170 743 4245 Ῑ,
786 4174 882 4242 14;
919 4171 986 4241 V,
1024 4175 1109 4228 92.

880 4276 938 4347 2)
977 4276 1380 4345 καταφατίζειν
1403 4274 1637 4330 inveniri
1659 4273 1829 4330 Arist.
1860 4272 1976 4328 Ἀθ.
2004 4276 2126 4329 πολ.
2152 4273 2272 4344 VII,
2299 4277 2325 4327 l
2365 4274 2457 4345 (ω
2473 4272 2619 4329 Plut.
2646 4272 2756 4329 Sol.
2777 4274 2873 4345 25)

666 4387 671 4392 ’
701 4372 986 4445 adnotavit
1009 4375 1463 4436 Wilamowitzius
1479 4394 1493 4432 ε
1512 4374 1886 4447 κατεφάτιζον
1911 4373 2235 4444 ἀναθήσειν
2270 4373 2588 4444 ἀνδριάντα
2609 4381 2872 4446 χρυσοῦν.
