3178 5200
677 579 944 669 saepius
1005 579 1335 649 usitatum
1379 579 1763 670 optativum
1805 601 1970 666 esse,
2036 585 2264 650 tmen
2305 602 2513 671 porro
2557 580 2699 652 aliu
2742 584 2851 652 est

677 696 842 766 haee
882 719 995 766 res
1041 700 1248 787 atque
1295 697 1354 767 si
1382 696 1579 767 Philo
1626 698 1938 788 optativo
1981 698 2283 769 erebrius
2328 698 2720 788 aequalibus
2769 703 2844 769 et

677 836 994 903 perverse
1052 837 1215 884 usus
1275 814 1466 884 illam
1528 817 1814 885 formam
1872 818 2207 887 mortuam
2250 836 2401 886 esse
2455 816 2840 887 luculenter

672 930 1120 1001 demonstrat.

851 1047 1109 1131 Quibus
1156 1049 1529 1118 enuntiatis
1587 1072 1769 1119 mere
1826 1049 2138 1120 finalibus
2183 1048 2320 1121 alia
2361 1049 2689 1121 nonnulla
2732 1051 2848 1121 ad-

679 1164 898 1233 denda
943 1168 1121 1250 sunt,
1185 1189 1269 1234 ex
1313 1166 1552 1255 quibus
1598 1167 1775 1235 idem
1819 1167 2241 1257 perspicitur.
2333 1168 2582 1238 Sensus
2626 1170 2848 1259 igitur

675 1281 898 1350 finalis
958 1284 1332 1351 enuntiatis
1390 1284 1571 1353 inest
1630 1284 1845 1353 hisee:
1909 1284 1966 1370 Ι,
2014 1285 2174 1353 338:
2252 1284 2487 1354 ἕλεσθε
2550 1288 2846 1374 ὄρχαμον

673 1400 942 1484 ὑμείων,
992 1393 1046 1488 ᾧ
1076 1424 1193 1467 κεν
1221 1402 1301 1467 τὰ
1329 1399 1570 1467 ἕκαστα
1601 1400 1883 1486 μέλοιτο.
1971 1401 2094 1487 IV,
2122 1402 2329 1471 1658:
2377 1406 2553 1491 ἔχετε
2583 1413 2714 1491 νῆα
2736 1444 2843 1491 -,

673 1517 826 1596 εἵως
868 1541 985 1584 κεν
1030 1515 1176 1603 ἐμοὶ
1220 1518 1415 1600 εἴξειε
1459 1520 1765 1606 δαμῆναι,
1835 1540 2006 1609 quae
2073 1520 2378 1610 exempla
2419 1519 2676 1590 habent
2709 1521 2844 1591 Ho-

671 1634 936 1719 merica,
1001 1654 1059 1702 e.
1105 1656 1207 1723 gr.
1254 1659 1294 1701 x
1336 1634 1465 1702 431
1491 1657 1556 1704 ss
1576 1634 1646 1723 ¹),
1708 1634 1890 1704 haud
1953 1636 2160 1706 aliter
2221 1656 2300 1705 ao
2365 1636 2490 1721 IV,
2538 1637 2841 1708 loossss:

673 1751 816 1819 ἀλλ’
881 1745 938 1841 93
997 1775 1117 1819 κεν
1159 1791 1246 1803 --
1289 1755 1697 1840 μελάγχιμον
1759 1756 1865 1822 ίὸν
1928 1754 2107 1841 ἐνείη
2164 1758 2468 1837 ζωόντων
2530 1792 2631 1842 -,
2694 1755 2839 1824 οὐδ’

674 1870 928 1938 ὁπόσον
971 1873 1257 1957 πήχυιον
1302 1870 1368 1950 ές
1416 1872 1607 1939 ’Ἅιδα
1666 1874 1920 1958 γίνεται
1985 1869 2175 1959 οἶμος
2218 1872 2288 1961 (β
2332 1872 2483 1962 53.).
2570 1871 2835 1943 Pendet

673 1986 915 2057 deinde
960 1988 1391 2057 enuntiatum
1438 1988 1906 2058 secundarium
1949 2012 1987 2059 e
2031 1992 2237 2060 verbo
2282 1991 2565 2060 timendi
2608 1992 2664 2078 Ι,
2711 1992 2840 2060 481

674 2107 896 2191 δείδω,
940 2108 1174 2192 μήπως
1218 2107 1300 2172 οὔ
1345 2130 1460 2192 μοι
1504 2107 1833 2193 ὑποσταίη
1876 2110 1952 2174 τό
1998 2130 2073 2193 γε
2116 2111 2366 2194 μκήτηρς
2429 2130 2467 2177 e
2497 2108 2703 2178 verbo
2733 2130 2846 2178 ou-

673 2221 901 2290 randi:
949 2221 1007 2307 I,
1037 2222 1170 2290 490
1215 2224 1459 2309 φράζεο
1492 2223 1554 2289 δ’
1594 2223 1822 2303 ὅππως
1852 2235 2078 2311 χεῖρας
2113 2224 2269 2310 ἐμὰς
2312 2227 2469 2304 σόος
2514 2225 2843 2311 ἐξαλέοιος

668 2361 801 2428 quo
846 2339 1276 2408 referendum
1321 2342 1429 2409 est
1473 2341 1681 2409 etiam
1716 2341 1851 2426 ΠΙ,
1901 2341 2027 2408 179
2073 2345 2370 2428 πειρήσω
2416 2341 2483 2408 δ’
2538 2341 2847 2412 ἐπέεσσιν

673 2494 761 2506 -
790 2458 855 2524 εἴ
892 2456 944 2523 πί
998 2456 1223 2523 ἐθέλοι
1267 2460 1575 2544 φιλότητι
1621 2460 1817 2545 δέρος
1859 2459 2173 2545 χρύσειον
2218 2459 2505 2526 ὀπάσσαι
2554 2458 2642 2547 (Α
2664 2460 2842 2549 792.)

841 2573 1150 2663 Denique
1195 2573 1267 2642 in
1310 2574 1685 2645 enuntiatis
1730 2575 2041 2646 relativis
2086 2577 2160 2645 et
2201 2576 2692 2666 temporalibus
2736 2576 2841 2647 in-

670 2690 1038 2760 veniuntur
1081 2692 1387 2782 exempla
1428 2692 1597 2762 haee
1614 2689 1695 2777 ’):

843 2808 901 2892 I,
947 2808 1080 2877 458
1125 2801 1234 2877 οἶά
1277 2833 1349 2876 τε
1393 2810 1611 2877 πολλὰ
1655 2808 1797 2877 νέοι
1840 2812 2018 2897 παρὰ
2065 2809 2240 2878 δαιτὶ
2284 2809 2393 2878 καὶ
2437 2812 2601 2899 οἴνῳ
2649 2834 2840 2898 τερπ·

669 2937 805 3006 νῶς
850 2926 1228 3013 ἑψιόωνται,
1291 2927 1377 2994 62²
1428 2930 1628 3007 ἄατος
1686 2929 1880 3017 ὕβρις
1941 2928 2156 3014 ἀπείη,
2222 2929 2337 2997 ubi
2377 2929 2600 2998 forma
2643 2930 2843 3017 ἀπείη

670 3066 753 3112 ex
781 3042 1077 3113 Homero
1123 3048 1393 3134 sumpts.
1421 3046 1506 3113 ab
1535 3045 1901 3135 Apollonio
1936 3046 2081 3114 sine
2111 3045 2313 3115 dubio
2356 3068 2480 3135 pro
2526 3047 2840 3135 optativo

666 3160 901 3229 habita
945 3166 1074 3230 est.

840 3277 933 3362 ΙΙ,
982 3279 1113 3347 980
1155 3277 1287 3346 αἰεὶ
1336 3279 1395 3345 δ’
1448 3282 1724 3359 ἄλλυδις
1784 3282 1972 3365 ἄλλη,
2036 3280 2167 3368 ὅπῃ
2230 3281 2497 3367 κύρσειε
2556 3281 2842 3367 μάλιστα

669 3395 949 3482 ἠπείρου
994 3402 1359 3483 χθαμαλῆς,
1406 3398 1780 3464 εἱλίσσεται.

839 3512 965 3597 IV,
1016 3512 1219 3580 1235:
1268 3513 1386 3581 ὅθ’
1438 3513 1663 3581 οὐκέτι
1705 3517 1946 3593 νόστος
1989 3514 2245 3581 ὀπίσσω

839 3627 1040 3714 νηυσὶ
1085 3630 1290 3716 πέλει,
1337 3630 1443 3697 ὅτε
1487 3633 1683 3716 τόνγε
1728 3616 1976 3720 βιῴατο
2015 3634 2270 3699 κόλπον
2302 3629 2585 3717 ἱκέσθαι,

666 3768 861 3835 quem
889 3745 1273 3835 optativum
1331 3747 1512 3815 haud
1557 3747 1692 3816 seio
1725 3770 1811 3816 an
1842 3771 2014 3837 quae
2059 3746 2238 3817 latet
2284 3745 2627 3817 sententia
2675 3748 2838 3817 effe-

665 3861 878 3932 ceritt
922 3884 1283 3952 numquam
1325 3864 1522 3933 navis
1567 3864 1779 3934 rediit
1823 3888 1908 3934 ex
1950 3864 2071 3933 illo
2118 3864 2289 3932 sinu.

849 4033 902 4102 l)
939 4033 1165 4103 Monro,
1206 4033 1389 4089 Gram.
1430 4033 1493 4090 of
1526 4036 1622 4090 the
1658 4035 1815 4090 Hom.
1856 4034 2003 4090 Dial.
2042 4052 2095 4106 p.
2136 4039 2240 4091 277
2261 4051 2305 4091 s.

840 4134 899 4206 2)
939 4134 1096 4190 Stahl
1131 4135 1167 4190 l.
1205 4134 1241 4189 1.
1279 4154 1332 4206 p.
1372 4138 1478 4192 527
1516 4136 1769 4207 exempla
1805 4136 1968 4192 huius
2005 4152 2155 4207 usus,
2212 4152 2353 4208 quae
2389 4141 2519 4193 ante
2553 4135 2839 4208 Apollonii

661 4239 914 4308 tempora
947 4236 1315 4307 inveniuntur,
1365 4237 1657 4309 congessit,
1708 4253 1779 4293 ex
1831 4236 2029 4307 quibus
2076 4238 2381 4309 optativum
2415 4238 2595 4296 locum
2629 4237 2838 4296 habere

660 4341 789 4408 post
824 4337 1112 4394 enuntatia
1147 4337 1405 4409 negativa
1427 4337 1616 4395 videre
1650 4338 1794 4395 licet.
1928 4375 1940 4397 .-
