3178 5200
1773 347 1830 412 4.

734 554 739 563 ν
842 525 853 537 ’
898 525 1103 610 βρίμῃ
1129 518 1737 608 h.‘XXV111,·10;
1784 520 1910 605 IV,
1951 519 2124 588 1677
2170 516 2402 587 eodem
2432 538 2672 587 versus
2689 515 2893 604 “10003

890 640 1199 726 ἐγκλιδόν
1241 639 1306 707 h.
1350 637 1626 724 XXIII,
1672 638 1746 724 33
1792 636 1850 722 Ι,
1899 637 2063 725 7903
2110 635 2246 721 111,
2294 634 2498 723 10083

784 762 791 769 ‘
888 760 1302 825 πολυπότνια
1343 755 1409 824 h.
1458 755 1614 824 Cer.
1658 754 1821 842 210;
1865 753 1999 842 Ap.
2045 753 2102 839 Ι,
2151 752 2323 820 1123
2368 751 2457 821 al.

886 873 1314 965 Empedoclis
1370 894 1637 963 quoque
1681 871 2065 962 philosophi
2129 869 2429 958 vestigia
2483 867 2902 958 Apollonius

715 992 992 1081 pressit.
1100 991 1376 1080 Emped.
1443 990 1528 1059 fr.
1597 990 1725 1057 138
1746 989 1811 1056 D
1875 994 2095 1078 χαλκῷ
2157 987 2288 1055 ἀπὸ
2351 988 2573 1073 ψυχὴν
2634 985 2903 1074 ἀρύσας

714 1111 912 1199 (quae
956 1111 1171 1178 verba
1213 1107 1615 1177 Kinckelius
1659 1130 1724 1198 p.
1772 1108 1857 1174 72
1900 1107 2086 1175 inter
2128 1105 2431 1174 incertae
2476 1103 2653 1173 sedis
2697 1103 2902 1192 frag-

721 1230 952 1295 menta
993 1227 1232 1312 affert3
1281 1225 1400 1294 sed
1440 1225 1526 1293 cf.
1560 1223 1837 1315 Emped.
1871 1224 1961 1291 fr.
1997 1221 2169 1310 143).
2257 1220 2665 1310 Apollonius
2705 1220 2904 1288 'enim

718 1365 865 1412 oum
909 1342 1047 1428 III,
1076 1342 1246 1411 1015
1290 1341 1596 1411 Medeam
1638 1341 1961 1410 libentem
2004 1339 2233 1410 Iasoni
2278 1339 2338 1407 si
2379 1336 2897 1429 postulavisset,

718 1461 1012 1530 animum
1056 1459 1458 1528 donaturam
1502 1458 1710 1528 fuisse
1758 1457 1957 1528 dicit:

890 1583 1007 1647 καί
1045 1580 1134 1645 νύ
1177 1577 1256 1645 κέ
1299 1579 1370 1646 οἷ
1408 1576 1518 1645 καὶ
1564 1586 1787 1645 πᾶσαν
1830 1575 1962 1645 ἀπὸ
2009 1575 2317 1663 στηθέων
2359 1575 2662 1662 ἀρύσασα

892 1697 1114 1781 ψυχὴν
1159 1694 1566 1780 ἐγγυάλιξεν,

716 1811 902 1880 illius
946 1813 1162 1881 verba
1203 1811 1369 1900 quin
1416 1809 1751 1899 exprimat
1790 1808 1976 1878 haud
2018 1807 2290 1877 dubium
2334 1807 2625 1877 videtur.
2710 1808 2896 1879 Aliis

719 1951 983 2019 quoque
1040 1928 1451 1997 testimoniis
1498 1926 1936 2017 Apollonium
1976 1925 2399 2015 Empedoclis
2465 1929 2588 2013 ἔπη
2644 1925 2898 2014 legisse

720 2050 794 2116 et
851 2067 1216 2136 usurpasse
1281 2046 1785 2134 comprobatur:
1870 2044 2059 2133 Emp.
2123 2043 2212 2111 fr.
2274 2043 2402 2111 136
2423 2043 2488 2110 D
2551 2042 2900 2130 ἀκηδείῃσι

720 2168 908 2232 νόοιο
956 2184 1038 2221 ’--·
1084 2164 1216 2252 Ap.
1264 2161 1394 2229 Rh.
1440 2162 1571 2246 III,
1619 2162 1780 2247 2983
1828 2161 1913 2228 fr.
1960 2161 2044 2228 35
2079 2189 2160 2223 Ν
2191 2159 2316 2246 IV,
2364 2161 2492 2228 676
2520 2182 2615 2247 ss;
2663 2159 2899 2230 eodem

721 2303 964 2351 versus
1009 2280 1156 2349 loeo
1203 2282 1547 2369 ponuntur
1579 2278 1910 2349 voeabula
1939 2279 2297 2364 μετάρσιον
2343 2277 2453 2363 (fr.
2486 2278 2588 2364 35,
2632 2277 2711 2364 93
2756 2277 2895 2365 ΙΠ,

724 2398 958 2486 1263);
1008 2394 1324 2484 σεληναίη
1369 2396 1477 2487 (fr.
1524 2390 1631 2481 43,
1681 2397 1757 2482 13
1805 2395 1933 2480 IV,
1979 2395 2171 2481 264);
2220 2395 2405 2480 βάξις
2450 2394 2565 2482 (fr.
2614 2394 2760 2479 112,
2811 2395 2896 2462 11

725 2514 965 2603 εὐηκέα
994 2515 1220 2602 βάξιν;
1268 2514 1395 2598 IV,
1448 2514 1622 2581 1184
1649 2512 1976 2600 νημερτέα
2009 2511 2249 2598 βάξιν),
2295 2533 2467 2603 quae
2512 2511 2734 2581 omnia
2760 2534 2901 2582 non

726 2637 887 2702 sunt
931 2632 1290 2701 Homerica
1333 2632 1443 2722 (cf.
1492 2654 1555 2720 p.
1605 2632 1689 2699 35
1736 2634 1808 2699 et
1849 2631 1982 2718 47).
2304 2629 2309 2636 ’

900 2750 1008 2817 Ex
1037 2747 1319 2818 Eumelo
1351 2748 1592 2817 deinde
1639 2747 1832 2815 illum
1880 2747 2240 2836 sumpsisse
2269 2770 2404 2815 non
2442 2746 2658 2816 solum
2685 2750 2902 2817 verba

728 2866 846 2936 sed
878 2866 1085 2935 etiam
1114 2888 1351 2936 versus
1388 2863 1748 2935 nonnullos
1780 2863 2269 2932 animadvertit
2298 2862 2500 2931 schol.
2532 2862 2665 2948 III,
2693 2863 2901 2934 1373:

725 2981 923 3063 οὗτος
980 2978 1091 3051 καὶ
1151 2985 1223 3052 ol
1278 2982 1424 3069 ἑξῆς
1481 2983 1694 3068 στίχοι
1754 2980 2137 3067 εἰλημμένοι
2180 2975 2319 3048 slat
2356 2980 2503 3067 παρ’
2555 2976 2904 3068 Εὐμήλου,

727 3101 883 3188 παρ’
931 3094 984 3190 ᾧ
1030 3118 1192 3186 φησι
1231 3101 1493 3185 Μήδεια
1537 3100 1708 3184 πρὸς
1749 3101 2023 3184 Ἴδμονα
2053 3097 2233 3186 (Par.
2269 3097 2594 3185 Ἰάσωνα);
2643 3103 2907 3186 quanta

727 3224 959 3292 autem
982 3218 1090 3286 his
1121 3218 1347 3288 verbis
1378 3216 1686 3285 habenda
1713 3216 1880 3285 fides
1914 3217 2021 3299 sit,
2071 3216 2428 3284 diiudicari
2471 3238 2607 3284 non
2650 3218 2904 3304 potest,

726 3336 1135 3425 praesertim
1189 3358 1336 3403 oum
1362 3353 1411 3410 :e
1447 3334 1730 3424 reliquis
1774 3334 2043 3403 Eumeli
2092 3333 2499 3423 fragmentis
2538 3332 2906 3404 rarissimis

728 3477 932 3522 unum
976 3456 1242 3522 tantum
1289 3452 1506 3521 locum
1540 3451 1907 3541 Apollonio
1956 3451 2239 3521 similem
2281 3451 2659 3522 videamus:
2705 3448 2906 3521 Eum.

741 3572 830 3639 fr.
878 3570 1058 3638 28Κ
1103 3571 1138 3638 ὁ
1187 3550 1261 3637 δ”
1297 3572 1495 3658 ᾤχετο
1541 3572 1839 3657 Κολχίδα
1883 3581 2082 3656 γαῖαν
2147 3572 2218 3638 et
2262 3568 2396 3659 Ap.
2442 3569 2503 3654 I,
2554 3569 2680 3637 174
2736 3568 2910 3655 μέγα

733 3687 791 3754 δ’
846 3689 982 3755 ἵετο
1031 3688 1325 3773 Κολχίδα
1372 3699 1589 3772 γαῖαν.
1680 3685 1920 3776 Neque
1964 3686 2178 3774 magis
2225 3685 2576 3775 probabile
2622 3687 2728 3754 est
2770 3684 2908 3776 Ap.

732 3828 880 3881 ,cnm
923 3804 1017 3885 II,
1064 3805 1191 3873 606
1238 3802 1371 3874 εὖτ’
1421 3807 1505 3872 ἄν
1554 3830 1653 3883 τις
1701 3806 1865 3872 ἰδὼν
1911 3806 2021 3871 διὰ
2064 3803 2176 3890 νηὶ
2242 3806 2499 3890 περήσῃ
2558 3803 2908 3890 scriberet,

728 3921 1106 3991 meminisse
1150 3921 1521 4009 Panyassis
1583 3922 1951 3991 verborum
1993 3921 2082 3988 fr.
2120 3922 2214 3989 15
2274 3929 2471 4001 θοοῖς
2530 3922 2642 3989 διὰ
2702 3919 2912 3990 ποσσὶ

729 4043 1021 4126 περήσας
1043 4038 1154 4128 (ef.
1179 4039 1236 4123 Ι,
1266 4039 1353 4128 9).
1412 4039 1674 4108 Maiore
1706 4041 1935 4107 autem
1963 4037 2452 4128 probabilitate
2481 4038 2607 4107 hoc
2636 4040 2911 4107 conten-

726 4155 949 4226 dimus
982 4155 1393 4226 'Antimaohi
1453 4179 1718 4247 quoque
1776 4155 2073 4245 vestigia
2114 4155 2553 4246 Apollonium
2605 4159 2914 4226 secutum
