3178 5200
1420 451 1471 520 7.

347 630 538 700 illam
582 628 1028 699 elocutionem
1072 649 1229 697 suae
1286 627 1494 717 ipsius
1560 625 1836 716 linguae
1894 624 2309 695 auctoritate
2354 648 2525 695 com·

349 752 571 817 motus
634 746 1081 816 transformet
1143 748 1217 814 et
1276 744 1632 834 analogiae
1695 765 1896 834 quam
1962 743 2239 812 dicimus
2285 744 2357 814 vi
2412 744 2527 813 ad-

349 865 589 934 ductus
653 864 798 934 sive
854 863 1090 932 formis
1135 862 1278 932 sive
1323 862 1547 931 verbis
1592 861 1864 930 novatis
1909 860 2303 949 locupletet,
2366 861 2527 951 quia

346 1004 611 1071 semper
676 987 748 1049 et
813 1001 1031 1049 novae
1093 1002 1204 1048 res
1267 1000 1480 1049 novas
1546 977 1902 1069 postulant
1946 999 2141 1047 voces
2207 979 2279 1046 et
2333 1000 2522 1047 mens

343 1099 636 1167 humana
678 1119 889 1168 novas
948 1097 1220 1186 profert
1275 1096 1605 1164 notiones.
1694 1095 1941 1185 Itaque
1986 1095 2046 1164 si
2089 1117 2521 1185 unumquem-

345 1240 476 1307 que
520 1216 794 1306 poetam
837 1216 1347 1305 perscrutantes
1390 1212 1516 1282 hoc
1560 1210 2112 1303 quaesiverimus,
2161 1212 2403 1302 quibus
2448 1213 2521 1281 in

342 1334 564 1418 rebus,
630 1331 870 1401 deinde
914 1342 1048 1421 qua
1094 1331 1176 1401 de
1226 1353 1429 1400 causa
1474 1331 1752 1400 recedat
1809 1333 1895 1399 ab
1944 1330 2260 1417 Homero,
2307 1352 2515 1422 quan-

340 1454 582 1540 topere
642 1449 983 1539 pendeant
1044 1448 1217 1538 epici
1273 1471 1537 1539 quoque
1583 1448 1830 1517 Graeci
1875 1470 1960 1517 ex
2024 1471 2294 1517 suorum
2345 1452 2516 1518 tem-

339 1592 580 1659 porum
626 1567 1123 1636 condicionibus
1170 1566 1567 1652 videbimus,
1638 1566 1944 1656 quamvis
1998 1588 2245 1655 magna
2304 1566 2517 1639 fuerit

340 1686 447 1754 vis
491 1684 835 1754 Homerici
879 1683 1225 1768 sermoniS,
1279 1684 1424 1770 „die
1473 1683 1704 1752 Macht
1750 1683 1873 1753 der
1914 1683 2517 1754 konventionellen

341 1802 657 1893 epischen
701 1799 1021 1890 Sprache,
1089 1801 1198 1870 die
1240 1800 1415 1870 aller
1460 1800 1616 1869 Zeit
1660 1824 1745 1868 zu
1791 1802 2069 1890 spotten
2112 1800 2413 1871 scheint“
2445 1802 2514 1891 ¹).

514 1919 679 1989 Cum
726 1921 955 1987 autem
1006 1916 1255 1987 eisdem
1303 1917 1452 1988 fere
1495 1917 1757 1987 viribus
1803 1917 1976 1986 hanc
2021 1918 2248 2008 epicae
2293 1919 2516 1988 elocu-

337 2037 549 2106 tionis
596 2035 1189 2106 commutationem
1237 2037 1547 2106 effectam
1595 2057 1741 2104 esse
1785 2057 2282 2125 cognoscamus,
2348 2058 2513 2126 quas

338 2153 644 2222 valentes
705 2150 1010 2221 videmus
1083 2151 1290 2221 etiam
1346 2150 1419 2218 in
1484 2150 1840 2221 universae
1904 2150 2322 2222 Graecorum
2381 2152 2512 2221 lin·

339 2292 514 2360 guae
544 2269 950 2354 evolutione,
997 2271 1078 2337 ut
1105 2271 1383 2338 nostrae
1412 2269 1665 2337 aetatis
1698 2268 2094 2339 vocabulum
2139 2268 2509 2355 adhibeam,

339 2387 642 2457 vicissim
701 2409 784 2455 ex
843 2387 970 2456 hac
1010 2386 1084 2455 in
1126 2387 1325 2455 unius
1388 2391 1635 2476 poetae
1698 2409 2071 2456 sermonem
2114 2387 2510 2477 quaestione

335 2503 517 2572 haud
586 2501 722 2572 scio
772 2523 860 2570 an
904 2502 1080 2570 lucri
1123 2501 1383 2591 aliquid
1427 2502 1515 2570 ad
1559 2503 1947 2575 universam
2009 2503 2309 2594 linguam
2354 2527 2508 2593 cog-

332 2621 733 2694 noscendam
780 2622 1202 2711 apportetur.

512 2737 687 2809 Sane
762 2737 887 2806 hoc
957 2762 1042 2807 ne
1119 2738 1596 2808 obliviscamur
1686 2739 2090 2809 cavendum:
2183 2742 2507 2829 quantum

328 2856 686 2948 Apollonii
730 2857 1020 2925 elocutio
1089 2858 1172 2925 ab
1216 2856 1577 2926 Homerica
1646 2858 1927 2926 differat
1947 2858 2016 2946 ²),
2086 2882 2234 2927 cum
2297 2858 2502 2932 facile

336 2974 652 3064 cognosci
696 2975 946 3063 potest,
1016 2977 1162 3042 tum
1206 2973 1481 3043 levioris
1531 2975 1702 3043 scire
1745 2976 1940 3042 nobis
1984 2976 2307 3044 momenti
2369 2981 2494 3062 est,

334 3093 473 3161 nisi
504 3113 738 3161 causas
770 3089 1122 3159 recedendi
1156 3091 1540 3180 perspicere
1573 3092 1981 3160 conabimur.
2057 3091 2242 3160 Illud
2272 3097 2499 3162 autem

326 3213 412 3279 ut
454 3209 1006 3278 demonstrarent
1051 3230 1320 3297 operam
1362 3208 1701 3277 dederunt
1744 3209 1882 3277 viri
1927 3208 2111 3277 docti
2153 3211 2494 3298 nonnulli;

323 3329 409 3398 ut
438 3325 583 3410 hoc,
616 3324 796 3414 quod
826 3325 1130 3415 equidem
1160 3325 1444 3410 videam,
1491 3325 1710 3395 adhuc
1737 3347 1949 3394 nemo.

505 3441 971 3531 Quaecumque
1014 3441 1231 3531 igitur
1277 3442 1366 3512 ad
1408 3465 1603 3511 usum
1648 3444 2023 3527 verborum,
2093 3442 2155 3510 h.
2190 3466 2243 3512 e.
2294 3446 2499 3531 ῥημά-

317 3585 463 3629 των
504 3559 858 3648 Apollonii
901 3559 1273 3648 pertinent,
1321 3564 1626 3631 tractare
1672 3560 2040 3650 aggrediar
2057 3560 2125 3649 ³).

510 3782 566 3853 1)
603 3800 651 3839 v.
691 3782 1074 3854 Wilamowitz,
1111 3783 1316 3839 Kultur
1353 3783 1453 3840 der
1490 3784 1741 3855 Gegenw.
1781 3784 1927 3854 VIII,
1970 3789 2016 3855 1,
2054 3803 2107 3855 p.
2148 3788 2268 3842 217.

507 3886 565 3955 2)
605 3884 670 3941 G.
709 3883 1006 3954 Hermann,
1045 3884 1245 3955 Opusc.
1273 3884 1343 3954 11,
1382 3888 1482 3942 36:
1523 3891 1772 3960 „tantum
1810 3886 1985 3956 abest,
2024 3891 2089 3941 ut
2125 3889 2228 3956 Ap.
2256 3885 2361 3942 Rh.
2388 3887 2499 3943 Ho-

311 4001 532 4042 merum
567 3986 759 4056 utique
796 3991 1055 4055 sectetur,
1092 3991 1158 4042 ut
1192 3987 1309 4042 eius
1349 3987 1527 4042 oratio
1566 3987 1637 4042 ab
1673 3988 1966 4043 Homerica
2003 3988 2198 4043 mirum
2236 3993 2499 4057 quantum

312 4084 630 4158 discrepet3
687 4086 755 4143 de
792 4102 903 4156 qua
939 4103 1002 4143 re
1040 4089 1134 4157 qui
1170 4087 1349 4158 plura,
1389 4104 1553 4157 quam
1592 4104 1732 4157 quae
1770 4088 1951 4144 obiter
1988 4090 2255 4159 inspectis
2289 4089 2494 4146 utrius-

315 4202 433 4255 que
469 4194 670 4258 poetae
705 4187 1037 4245 carminibus
1075 4190 1403 4259 ocurrerint,
1442 4188 1642 4245 afferre
1667 4189 1814 4260 velit,
1853 4190 1991 4246 satis
2028 4205 2284 4261 magnum
2319 4191 2496 4262 possit

311 4288 523 4345 librum
559 4289 957 4346 conscribere“.
2213 4292 2219 4297 '

501 4394 559 4464 2)
596 4391 685 4447 Ex
706 4390 988 4463 librorum,
1024 4392 1220 4463 quibus
1246 4392 1462 4449 omnino
1487 4392 1544 4449 in
1569 4394 1674 4450 hoc
1698 4392 1960 4463 opusculo
1988 4391 2323 4452 conficiendo
2353 4407 2487 4451 usus
