3178 5200
1463 489 1551 557 33

415 657 581 746 μετὰ
627 660 845 751 δηρόν
908 686 1032 754 pro
1093 661 1230 749 μετ’
1281 664 1362 731 οὐ
1409 665 1621 750 δηρόν
1682 662 1988 753 legimus,
2052 664 2232 753 quod
2290 662 2415 750 Qu.
2464 661 2599 736 Sm.

413 777 732 849 imitatus
781 784 905 867 est,
952 803 1007 850 e.
1053 803 1155 870 gr.

416 895 479 983 Ι,
514 897 643 965 392
687 899 942 987 κούρην
988 899 1072 966 οὐ
1116 900 1279 984 μετὰ
1323 899 1534 983 δηρὸν
1578 897 1698 965 ὑπ’
1750 901 2076 966 Αἰακίδαο
2122 897 2383 986 χέρεσσι
2404 923 2420 984 ;

415 1014 521 1099 Π,
551 1015 679 1082 100
721 1026 895 1082 τοῖσι
942 1016 1003 1080 δ’
1036 1014 1140 1101 ἄρ’
1183 1014 1265 1083 οὐ
1311 1017 1474 1101 μετὰ
1518 1017 1729 1100 δηρὸν
1774 1015 2005 1104 ἀρήιος
2035 1018 2249 1101 ἤλυθε
2278 1014 2598 1102 Μέμνων.

600 1131 746 1201 Iam
809 1131 989 1221 apud
1049 1130 1473 1200 Herodotum
1540 1132 1625 1216 V,
1673 1132 1777 1217 64,
1846 1131 1970 1217 VI,
2016 1132 2102 1199 69
2168 1132 2454 1221 legimus
2514 1134 2596 1201 οὐ

416 1249 589 1334 μετὰ
646 1251 900 1318 πολλὸν
947 1280 1028 1306 =
1074 1249 1218 1335 μετ’
1284 1249 1536 1334 ὀλίγον,
1604 1251 1676 1316 ei:
1721 1251 1803 1316 οὐ
1847 1250 2011 1336 μετὰ
2075 1253 2291 1317 πολὺν
2349 1252 2597 1336 χρόνον

422 1388 482 1434 e.
528 1388 634 1454 gr.
681 1366 932 1455 Aesop.
980 1365 1118 1434 fab.
1162 1388 1229 1455 p.
1263 1365 1388 1433 136
1435 1365 1562 1455 (ed.
1598 1364 1706 1453 T.)
1751 1366 1788 1433 ὁ
1833 1363 2005 1433 λέων
2050 1366 2132 1434 οὐ
2175 1367 2337 1452 μετὰ
2379 1388 2446 1434 π.
2493 1393 2596 1455 χρ.

419 1484 639 1570 μάχην
683 1486 852 1571 ἔχων
896 1486 1065 1572 πρὸς
1108 1494 1392 1572 ταῦρον;
1459 1506 1740 1571 quocum
1800 1483 2192 1552 conferendi
2249 1491 2406 1553 sunt
2464 1483 2599 1552 loci

420 1599 607 1670 Novi
634 1600 1056 1669 Testamenti
1100 1603 1231 1669 aet.
1266 1601 1325 1684 1,
1359 1602 1400 1667 5
1447 1599 1529 1668 οὐ
1560 1601 1723 1686 μετὰ
1753 1602 2006 1680 πολλὰς
2034 1603 2278 1680 ταύτας
2321 1600 2594 1689 ἡμέρας,

420 1718 583 1787 Luc.
633 1717 736 1803 15,
785 1717 868 1785 13
916 1718 998 1785 οὐ
1041 1743 1108 1804 μ.
1156 1740 1223 1786 π.
1271 1717 1516 1806 ἡμέρας
1562 1716 1696 1806 (alt
1744 1745 1809 1803 μ.
1858 1717 1959 1785 οὐ.
2006 1740 2073 1785 π.
2122 1717 2227 1804 ἡ.).
2310 1717 2421 1786 Sic
2463 1717 2596 1807 Ap.

424 1834 615 1925 epioa
661 1857 826 1904 voce
868 1858 1031 1904 usus
1080 1835 1161 1902 οὐ
1207 1836 1367 1920 μετὰ
1412 1836 1625 1922 δηρὸν
1670 1834 1901 1904 eadem
1932 1834 2422 1925 parssioulorum
2465 1857 2597 1903 me-

426 1951 692 2022 tathesi
734 1951 1043 2021 adhibifia
1086 1952 1271 2021 dicit.

598 2069 877 2151 Pariter
925 2069 1241 2158 congruit
1288 2092 1434 2137 eum
1474 2069 1672 2139 Novo
1719 2069 2155 2139 Testamento
2200 2092 2362 2139 usus
2407 2069 2602 2138 verbi

421 2186 774 2273 πειράζειν,
839 2186 1058 2276 qualis
1123 2185 1385 2274 legitur
1458 2186 1592 2272 III,
1644 2187 1727 2254 10
1789 2190 2051 2272 πείραζε
2119 2187 2176 2253 δ’
2242 2186 2600 2273 Ἀθηναίην

420 2304 634 2390 πάρος
660 2303 856 2392 “Hom
904 2327 1050 2372 oum
1092 2303 1289 2373 Hom.
1323 2310 1401 2371 H
1423 2305 1571 2388 319,
1630 2309 1705 2370 Ψ
1730 2304 1858 2371 114
1899 2328 2049 2372 oum
2090 2303 2410 2392 genetivo
2448 2327 2598 2372 oon·

417 2421 648 2489 iunofio
705 2420 832 2490 hoo
876 2424 1086 2491 verbo
1146 2444 1306 2490 usus
1369 2422 1478 2491 sifi.
1568 2422 1687 2489 Ita
1731 2421 1906 2489 enim
1964 2420 2341 2490 invenimus
2388 2443 2444 2489 e.
2490 2444 2597 2510 gr.

420 2538 634 2607 Math.
666 2538 765 2625 19,
794 2539 834 2606 3
881 2540 953 2609 οἰ
998 2544 1351 2628 Φαρισαῖοι
1398 2539 1817 2629 πειράζοντες
1863 2538 2103 2626 αὐτόν,
2153 2539 2213 2607 2.
2243 2538 2393 2608 Cor.
2426 2539 2530 2625 13,
2557 2540 2599 2607 5

424 2653 702 2734 ἑαυτοὺς
745 2655 1101 2743 πειράζετε,
1149 2657 1213 2722 εί
1239 2654 1386 2722 ἐστὲ
1416 2655 1489 2721 ἐν
1519 2665 1600 2743 τῇ
1631 2659 1889 2742 πίστει;
1937 2654 2092 2744 (aot.
2126 2656 2187 2740 5,
2222 2657 2293 2742 93
2344 2655 2444 2741 15,
2479 2656 2595 2741 105

422 2772 634 2840 Hebr.
670 2772 772 2857 11,
797 2773 928 2859 37).
974 2771 1171 2855 Quod
1193 2774 1471 2841 verbum
1499 2772 1570 2839 in
1601 2772 1876 2861 linguae
1905 2782 2134 2859 κοινῆς
2162 2796 2289 2840 usu
2314 2772 2599 2840 atticum

422 2902 662 2981 πειρᾶν
727 2892 873 2960 loco
937 2891 1230 2961 movisse
1300 2889 1734 2958 manifesizum
1780 2894 1885 2959 esi:
1940 2892 2050 2979 (ef.
2099 2913 2153 2959 e.
2200 2915 2300 2981 gr.
2349 2892 2596 2979 Aesop.

420 3008 559 3078 fab.
604 3032 670 3098 p.
704 3009 788 3076 18
820 3011 890 3077 οἰ
915 3008 989 3076 δὲ
1035 3009 1368 3097 πειράζειν
1414 3008 1619 3075 αὐτὸν
1664 3009 2124 3097 βουλόμενοι),
2190 3012 2396 3098 atque
2441 3009 2599 3098 quia

421 3125 647 3194 tribus
713 3125 1058 3214 Odysseae
1123 3129 1391 3194 tani-,um
1452 3124 1619 3194 locis
1681 3124 1861 3214 apud
1923 3125 2290 3194 Homerum
2348 3128 2594 3212 exstafi,

424 3242 684 3311 ionicae
727 3243 942 3310 fuisse
988 3241 1265 3311 dialeoizi
1309 3241 1677 3310 verisimile
1723 3244 1849 3310 est.

596 3359 786 3447 Apte
831 3362 1058 3428 autem
1103 3358 1242 3426 illis
1289 3358 1530 3445 verbis,
1579 3380 1751 3447 quae
1798 3358 1977 3446 apud
2006 3358 2446 3447 Apollonium
2490 3381 2596 3427 ca.-

424 3499 569 3545 sum
601 3475 1006 3561 adsciscunt,
1053 3475 1399 3544 adduntur
1431 3478 1777 3564 quattuor,
1823 3498 1907 3543 ex
1936 3475 2176 3563 quibus
2219 3475 2596 3545 infiniffivus

420 3593 704 3683 pendess:
751 3592 874 3679 IV,
923 3594 1094 3661 1236
1139 3588 1385 3680 βιῴατο
1433 3592 1730 3679 ἱκέσθαι,
1779 3592 1905 3678 IV,
1955 3593 2125 3660 1039
2169 3594 2335 3678 1ὔμμι
2381 3596 2599 3679 ἤνυσα

424 3709 730 3797 ναιέμεν;
789 3710 922 3794 ΙΠ,
958 3710 1086 3777 646
1133 3712 1393 3797 λελίητο
1446 3750 1522 3759 -
1569 3710 1881 3796 νέεσθαι;
1947 3710 2003 3795 Ι,
2039 3711 2170 3778 360
2216 3709 2397 3799 (954)
2440 3710 2595 3778 ὑπέ-

425 3828 617 3894 δεκτο
663 3866 749 3875 -
794 3830 1181 3913 σημαίνειν;
1230 3830 1467 3896 contra
1509 3825 1564 3910 Ι,
1616 3826 1741 3894 123
1789 3829 2209 3913 λιλαιόμενος
2269 3848 2452 3895 more
2510 3828 2597 3895 ab

420 3940 719 4011 Homero
765 3942 986 4012 alieno
1033 3942 1341 4011 absolute
1387 3942 1643 4013 dictum
1688 3947 1811 4012 est.

607 4122 660 4191 l)
698 4121 860 4178 Blass
885 4122 1096 4178 Gram.²
1121 4138 1175 4192 p.
1202 4124 1324 4189 262,
1352 4121 1447 4192 qui
1471 4121 1689 4178 confert
1712 4121 1818 4175 οὐκ
1845 4116 1907 4177 ἐν
1933 4118 2120 4177 δέοντι
2140 4146 2208 4170 =
2229 4116 2291 4175 ἐν
2315 4120 2383 4175 οὔ
2409 4116 2595 4175 δέοντι

425 4238 560 4293 „zur
594 4223 823 4279 Unzeit“
863 4223 1017 4279 Dem.
1051 4228 1132 4293 18,
1162 4226 1294 4293 1333
1333 4223 1600 4294 Krueger‚
1639 4223 1887 4293 Sprachl.
1914 4240 1968 4292 p.
1991 4224 2115 4293 513,
2155 4223 2250 4292 qui
2285 4222 2398 4278 alia
2434 4220 2597 4277 affert

426 4329 486 4379 et
519 4340 588 4380 ex
625 4324 990 4395 Xenophonte
1030 4324 1136 4380 οὐκ
1179 4322 1258 4388 εἰς
1294 4323 1538 4395 μακράν,
1591 4340 1730 4394 quae
1782 4321 2021 4380 formula
2069 4321 2331 4393 loquendi
2377 4323 2436 4379 in
2484 4321 2596 4378 He-

430 4423 630 4481 rodoto
672 4441 888 4497 quoque
925 4432 1124 4498 exstat,
1162 4427 1211 4483 V
1252 4431 1353 4483 108
1390 4427 1494 4482 οὐκ
1532 4420 1588 4489 ἐς
1621 4421 1860 4497 μακρήν.

2128 4528 2170 4594 3
