3178 5200
1711 433 1800 502 62

690 607 1013 697 μοτομέω,
1073 607 1251 699 q'uotl
1306 608 1546 679 deinde
1605 610 1975 699 scriptores
2020 610 2361 701 pedestris
2407 632 2672 703 quoque
2716 635 2853 682 ser·

685 727 900 797 monis
966 730 1342 816 posuerunt
1383 726 1706 797 nonnulli·
1739 726 1985 815 (Plut.;
2054 726 2314 815 Strab.;
2378 727 2565 799 Sext.
2629 729 2852 820 Emp.)

680 844 1056 934 Postquam
1129 844 1266 913 iam
1337 844 1673 914 Homerus
1751 868 1815 914 v.
1884 845 2285 934 δειροτομέω
2358 847 2848 937 frequentavit,

678 961 1042 1052 Euripides
1100 985 1167 1032 v.
1227 962 1629 1050 λαιμοτόμος
1690 962 1798 1031 El.
1842 962 1992 1048 459,
2060 962 2117 1031 Ι.
2165 962 2245 1032 Τ.
2289 963 2421 1032 444
2475 963 2848 1055 usurpavit,

677 1078 1176 1173 Aristophanes
1219 1079 1353 1148 Av.
1380 1080 1554 1148 1560
1597 1083 1880 1166 λαιμοὺς
1923 1079 2188 1166 τέμνειν
2233 1080 2601 1167 coniunxit,
2650 1081 2848 1151 facile

678 1194 827 1264 fieri
869 1197 1165 1286 poterat,
1215 1199 1299 1264 ut
1339 1218 1587 1265 novum
1630 1195 1939 1285 prodiret
1982 1198 2260 1265 verbum
2303 1197 2762 1288 compositum.

450 1326 490 1412 g
533 1321 638 1392 24.
850 1311 1243 1402 Sequuntur
1283 1311 1609 1381 nonnulla
1660 1313 1868 1381 verba
1911 1313 2297 1402 composita,
2367 1335 2652 1402 quorum
2696 1314 2848 1382 sim-

675 1428 881 1519 plicia
909 1432 995 1499 ab
1024 1428 1317 1497 Homero
1348 1429 1570 1499 aliena
1600 1432 1777 1516 sunt,
1825 1429 1895 1497 in
1922 1428 2411 1519 Argonauticis
2458 1430 2569 1501 vel
2614 1430 2848 1519 primis

674 1545 795 1647 vel·
831 1546 991 1616 solis
1037 1546 1477 1616 occurrentia.

849 1664 1214 1752 ἀπολείχωε
1262 1664 1391 1750 IV,
1421 1665 1557 1733 479
1595 1663 1742 1752 τρὶς
1785 1665 1843 1733 δ’
1895 1663 2190 1747 ἀπέλειξε
2236 1667 2478 1753 φόνου.
2569 1665 2739 1735 Cum
2782 1689 2844 1735 v.

679 1785 877 1871 λείχω
907 1781 1042 1850 iam
1071 1782 1155 1850 ab
1185 1781 1532 1871 Aeschylo
1562 1781 1723 1870 (Ag.
1739 1781 1915 1871 828),
1946 1780 2349 1868 Aristotele,
2371 1781 2845 1872 Theophrasto

677 1907 1082 1989 usurpatum
1109 1902 1310 1985 esset,
1357 1900 1684 1988 &zoisbgm
1730 1905 1890 1989 post
1918 1898 2274 1989 Apollonii
2315 1902 2624 1989 tempora
2664 1898 2846 1970 haud

677 2037 830 2085 rare
891 2015 1257 2103 invenitur,
1323 2039 1380 2087 e.
1423 2040 1526 2108 gr.
1574 2016 1734 2087 Luc.
1785 2017 1888 2103 16,
1934 2016 2019 2085 21
2069 2019 2142 2086 οἱ
2178 2018 2378 2098 κύνες
2421 2017 2845 2104 ἀπελείχοντο

674 2130 793 2219 ἕλη
836 2135 1063 2203 αὐτοῦ.

850 2252 1305 2337 διαγλαύσσωε
1339 2251 1397 2337 I,
1435 2251 1601 2320 1281
1636 2253 2162 2338 διαγλαύσσουσι
2194 2250 2253 2319 δ’
2287 2251 2590 2341 ἀταρποί.
2670 2251 2847 2337 Quia

677 2367 1126 2437 Callimachus
1171 2369 1306 2454 III,
1356 2369 1443 2437 54
1504 2369 1679 2456 φάεα
1725 2371 1953 2437 δεινὸν
1996 2370 2551 2455 ὑπογλαύσσοντα
2566 2421 2583 2454 ,
2648 2390 2845 2475 quem

674 2486 983 2555 imitatus
1030 2489 1136 2555 est
1176 2486 1427 2555 Mosch.
1474 2488 1642 2573 Εὐρ.
1675 2486 1780 2571 86,
1827 2487 2033 2555 verbo
2070 2487 2567 2573 ὑπογλαύσσειν
2612 2486 2843 2558 eadem

678 2603 1073 2693 splendendi
1115 2604 1189 2673 vi
1229 2627 1392 2673 usus
1436 2606 1561 2690 est,
1608 2603 1977 2674 verisimile
2022 2608 2130 2674 est
2171 2603 2295 2674 illa
2338 2607 2572 2674 aetate
2618 2625 2851 2675 vocem

675 2723 1057 2808 γλαύσσειν,
1080 2743 1281 2811 quam
1307 2743 1430 2791 nos
1460 2744 1597 2790 non
1626 2721 1757 2790 nisi
1788 2745 1824 2792 e
1854 2721 2087 2790 lexicis
2115 2721 2442 2806 novimus,
2476 2721 2846 2791 exstitisse.

848 2840 1262 2927 εἰσανδρόω·
1326 2839 1384 2924 Ι,
1418 2839 1549 2907 874
1593 2839 1922 2909 Hercules
1965 2838 2186 2910 iratus
2231 2838 2400 2909 dicit
2442 2838 2526 2908 <le
2570 2838 2845 2908 Iasone:

1708 2957 1829 3024 τὸν
1875 2954 1932 3023 δ’
1981 2953 2082 3025 ἐνὶ
2129 2954 2430 3046 λέκτροις

845 3071 1202 3159 Ὑψιπύλης
1245 3078 1417 3139 εἰᾶτε
1462 3075 1848 3162 πανήμερον
1891 3075 2107 3141 εἰσόκε
2151 3077 2429 3161 Λῆμνον

851 3186 1084 3257 παισὶν
1129 3188 1537 3278 ἐσανδρώσῃ,

855 3305 1113 3395 „quoad
1132 3304 1456 3374 Lemnum
1487 3305 1867 3374 infantibus
1894 3327 2128 3373 rursus
2155 3304 2515 3374 masculam
2538 3304 2845 3374 reddat“.

673 3421 870 3492 Hanc
937 3423 1112 3491 enim
1184 3423 1524 3492 notionem
1594 3443 1653 3491 v·
1716 3422 2082 3510 ἀνδρόομαι
2157 3421 2337 3512 apud
2404 3421 2847 3508 Herodotum,

676 3540 1161 3634 Hippocratem
1206 3540 1505 3630 aliosque
1548 3539 1789 3625 habet;
1851 3538 2019 3609 item
2074 3540 2510 3629 ἑξανδρόομαι
2555 3539 2847 3629 Antiph.

673 3659 762 3728 fr.
810 3659 893 3726 61
917 3660 1024 3746 D„
1092 3661 1593 3745 συνανδρόομαι
1649 3658 1854 3748 Hipp.
1912 3661 2244 3747 usurpata
2305 3661 2504 3727 erant
2566 3657 2847 3728 notione

676 3777 1110 3867 pubertatem
1149 3775 1593 3867 ingrediendi.
1666 3774 1992 3845 Activum
2023 3774 2286 3863 ἀνδρόω
2332 3775 2618 3863 legimus
2664 3774 2846 3865 apud

674 3893 1186 3984 Lycophronem
1249 3896 1323 3962 et
1365 3892 1838 3978 Plutarchum,
1910 3892 2014 3961 ita
2072 3895 2155 3960 ut
2208 3892 2319 3961 hic
2379 3913 2644 3984 quoque
2697 3913 2847 3961 cum

676 4010 1128 4101 posteriorum
1189 4013 1520 4100 congruat
1563 4034 1720 4079 usus
1762 4009 2275 4101 Apollonianus.

849 4129 1243 4197 ἐπαλινδέωτ
1298 4128 1423 4214 IV,
1465 4129 1638 4196 1463
1684 4129 1861 4216 ἴχνια
1905 4131 2033 4215 γὰρ
2080 4130 2415 4215 νυχίοισιν
2460 4125 2842 4213 ἐπηλίνδητ’

682 4245 1049 4333 ἀνέμοισιν.
1139 4246 1439 4315 Verbum
1482 4245 1802 4325 ἄλινδετν,
1860 4243 2165 4332 quamvis
2209 4265 2387 4328 rare,
2445 4245 2847 4332 usurpatum

680 4385 828 4433 esse
873 4386 1007 4434 vox
1052 4362 1430 4452 ἀλίνδηθρα
1475 4361 1623 4451 (Ar.
1654 4361 1827 4431 Rau.
1866 4361 2019 4450 902)
2064 4364 2154 4449 et,
2202 4382 2373 4451 quae
2413 4358 2690 4430 maioris
2737 4363 2849 4431 est
