3178 5200
528 861 673 949 §a

1801 459 1886 528 12

755 632 911 703 dum
952 633 1147 703 modo
1175 655 1303 723 pro
1332 634 1563 721 κεινὴν
1592 635 1823 721 κείνην
1850 630 2172 723 legimns:
2226 632 2512 722 „illam“,
2557 632 2912 705 famosam
2928 659 2952 726 ς

753 748 972 820 schol:
1018 751 1340 840 γράφεται
1384 748 1494 819 καὶ
1538 754 1770 837 κείνην
1789 748 1857 837 ²).

927 868 1031 939 At
1102 872 1344 939 contra
1418 891 1612 939 nsum
1685 868 2117 939 Homericum
2179 868 2416 939 formis
2480 869 2781 960 optativi
2863 870 2947 941 in

754 1009 897 1054 -ντο
965 985 1424 1056 desinentibus
1488 1008 1651 1055 usne
1715 993 1826 1057 est
1886 986 2054 1076 Ap.:
2123 990 2586 1056 ναυτίλλοιντο
2670 986 2725 1071 Ι,
2759 987 2940 1075 918;

752 1102 1004 1171 ἵκοιντο
1074 1102 1129 1187 Ι,
1175 1103 1340 1190 823;
1387 1106 1758 1190 θηήσαιντο
1804 1103 1862 1189 Ι,
1908 1104 2069 1191 986;
2140 1104 2411 1188 ἄγοιντο
2457 1102 2590 1189 111,
2639 1104 2748 1191 133
2798 1103 2937 1190 IV,

758 1218 903 1305 102,
936 1218 1101 1307 4003
1149 1219 1508 1307 φράζοιντο
1540 1218 1677 1305 ΙΙΙ,
1720 1220 1868 1305 826,
1916 1242 2063 1289 cnm
2091 1222 2421 1309 quattuor
2448 1219 2645 1290 modo
2675 1219 2941 1291 habeat

750 1335 823 1405 in
869 1360 1011 1404 ·ατο
1081 1336 1421 1420 cadentes,
1487 1334 1882 1406 Homericae
1948 1335 2195 1426 βιῴατο
2239 1336 2327 1426 (Λ
2356 1335 2511 1425 467)
2557 1335 2682 1424 IV,
2719 1336 2934 1423 12363

749 1455 1116 1541 μνησαίατο
1179 1451 1263 1543 (Β
1305 1452 1461 1543 492)
1520 1452 1646 1541 IV,
1693 1453 1843 1539 840,
1909 1453 2140 1523 eodem
2201 1474 2441 1524 verene
2502 1452 2652 1523 loco
2716 1456 2934 1544 atque

750 1568 1115 1659 Homerus3
1165 1568 1521 1658 ἀραροίατο
1570 1569 1628 1656 Ι,
1660 1569 1789 1639 869
1806 1594 1821 1659 ;
1872 1569 2214 1656 ἀνεχοίατο
2260 1569 2315 1655 Ι,
2352 1569 2541 1658 1005,
2587 1592 2760 1661 qnae
2790 1592 2934 1639 non

748 1686 882 1756 nisi
925 1685 1031 1757 his
1074 1686 1240 1756 locis
1287 1686 1749 1757 inveniuntur.

926 1802 1374 1893 Partieipinm
1418 1803 1705 1895 deniqne
1749 1803 2179 1874 Homericum
2224 1802 2612 1891 λελιημένος
2655 1803 2745 1894 (Λ
2772 1803 2927 1891 465,

750 1926 815 1989 Ε
841 1919 990 2006 690,
1036 1926 1123 1988 Μ
1146 1919 1298 2010 106)
1341 1922 1473 2011 Ap.
1522 1919 2171 2013 plusquamperfecti
2218 1920 2434 1990 forma
2480 1924 2740 2009 λελίητο
2786 1920 2925 2007 ΙΠ,

751 2038 915 2127 646;
966 2037 1168 2123 1158,
1216 2037 1337 2124 IV,
1376 2038 1544 2107 1007
1593 2037 1803 2124 anxit,
1861 2059 2060 2129 quam
2106 2061 2190 2107 ex
2234 2058 2312 2107 eo
2356 2036 2667 2107 imitator
2712 2036 2923 2129 Orph.

749 2154 1367 2245 Argonauticornm
1397 2158 1640 2226 auctor
1669 2154 1941 2245 petivit,
1987 2154 2169 2225 hand
2197 2153 2405 2225 aliter
2436 2156 2641 2245 atque
2682 2156 2923 2225 auctor

750 2270 935 2343 illins
982 2271 1315 2361 carminis,
1358 2272 1536 2362 qnod
1569 2272 1853 2342 Theocr.
1898 2271 1989 2341 id.
2014 2271 2217 2343 XXV
2247 2270 2636 2341 nominatur
2658 2270 2727 2359 2),
2777 2272 2920 2341 196.

927 2388 1117 2475 Quae
1176 2387 1612 2480 amplificaizio
1673 2412 1821 2458 cnm
1880 2389 1973 2458 sit
2038 2386 2422 2478 singularis,
2497 2392 2725 2458 tamen
2789 2410 2921 2458 non

749 2506 1002 2578 vitiosa
1054 2509 1181 2591 est,
1246 2505 1320 2575 id
1365 2505 1545 2596 qnod
1588 2504 2026 2577 statuendum
2070 2509 2180 2576 est
2225 2504 2308 2575 de
2354 2504 2652 2595 optativi
2697 2505 2912 2576 forma

750 2623 971 2706 ἀκέοις
1013 2623 1069 2710 I,
1118 2623 1284 2693 765:

930 2780 984 2851 1)
1019 2777 1125 2834 Hic
1166 2776 1333 2835 liceat
1368 2775 1583 2848 addam,
1630 2775 1899 2849 quomodo
1926 2777 2067 2836 alios
2095 2793 2283 2836 versus
2309 2776 2418 2838 duo
2444 2777 2721 2836 emendari
2757 2793 2912 2851 posse

749 2876 984 2936 credam.

746 2980 843 3052 IV,
880 2982 987 3039 996
1006 2996 1077 3038 ss.

1600 3078 1656 3138 οἳ
1693 3079 1750 3137 δ’
1796 3081 2075 3154 ἀγανῇσιν

1060 3181 1330 3246 ’Λλκίνοος
1365 3182 1501 3239 λαοί
1534 3199 1593 3238 τε
1630 3183 2100 3254 θυηπολίῃσι
2137 3179 2436 3246 κιόντας
2539 3245 2548 3258 ‚

1062 3279 1340 3356 δειδέχατ’
1383 3283 1673 3347 ἀσπασίως

747 3402 849 3457 pro
898 3386 1283 3458 θυηπολίῃσιν
1333 3381 1526 3449 ἰόντας
1578 3382 1921 3442 scribendum
1978 3400 2099 3442 esse
2153 3383 2457 3441 existimem
2508 3383 2710 3443 collato
2761 3401 2907 3444 versu

746 3487 790 3556 1,
833 3488 988 3556 1179,
1025 3486 1122 3544 ubi
1158 3487 1289 3544 item
1328 3484 1395 3543 de
1434 3485 1842 3544 advenientium
1880 3485 2215 3543 salutatione
2252 3483 2470 3542 dicitur.

934 3588 1027 3660 IV,
1070 3591 1207 3646 1487
1246 3588 1294 3646 si
1330 3587 1556 3659 legimus
1588 3586 1714 3644 ὄσσε
1742 3585 1805 3644 δὲ
1832 3583 1892 3643 οἰ
1912 3587 2159 3662 βλοσυρῷ
2182 3582 2473 3659 ὑπέλαμπε
2508 3585 2742 3662 μετώπῳ
2771 3591 2782 3659 Ι
2811 3606 2908 3658 νη·

747 3692 777 3746 λ
792 3707 817 3746 ε
832 3685 904 3755 ε’ς
942 3688 1079 3747 duas
1117 3689 1460 3761 assequimur
1496 3705 1618 3748 res:
1658 3690 1892 3762 primum
1931 3686 2058 3745 ὄσσε
2081 3684 2376 3760 ὑπέλαμπε
2404 3688 2654 3763 βλοσυρῷ
2690 3689 2904 3765 μετώπῳ

748 3790 1057 3849 sententiae
1094 3791 1184 3848 vix
1219 3789 1546 3849 satisfacere
1582 3789 1831 3861 videtum
1893 3788 2203 3861 quaerimus
2259 3789 2419 3862 enim,
2477 3805 2583 3861 qno
2621 3788 2780 3847 modo
2813 3789 2904 3847 ful·

746 3898 915 3964 geant
970 3892 1129 3950 oculi,
1217 3891 1432 3950 Deinde
1487 3889 1687 3963 νηλής,
1746 3891 1964 3948 etiamsi
2017 3905 2118 3962 pro
2177 3890 2560 3948 interiectione
2614 3890 2903 3962 accipimus,

746 3998 930 4051 tamen
966 3993 1134 4051 habet
1184 3992 1394 4065 aliquid
1445 3993 1782 4062 offensionis,
1834 3992 1964 4062 quia
2009 3995 2126 4048 tam
2178 3990 2492 4049 absolutum
2528 4006 2563 4048 a
2601 3995 2783 4049 cetera
2815 3990 2903 4048 viri

747 4093 1117 4166 descriptione
1168 4095 1407 4167 positum
1445 4099 1544 4152 est.
1623 4095 1776 4164 Quae
1812 4089 2005 4166 νηλεές
2043 4093 2345 4150 scribentes
2396 4091 2580 4150 levare
2619 4107 2901 4165 possumus.

748 4195 842 4268 (cf.
869 4196 962 4269 IV,
1001 4199 1105 4254 389
1144 4194 1336 4254 eodem
1361 4212 1550 4254 versus
1575 4197 1699 4252 loco
1724 4193 1877 4267 μάλα
1903 4192 2009 4266 γὰρ
2033 4190 2213 4267 μέγαν
2241 4190 2423 4262 ἤλιτες
2448 4190 2621 4266 ὅρκον
2651 4195 2662 4268 Ι
2694 4195 2900 4266 νηλεὲς.)

923 4299 981 4371 2)
1017 4296 1470 4356 Wilamowitzius
1530 4298 1721 4354 Bucol.
1785 4297 1981 4354 Graeci
2041 4313 2097 4370 p.
2153 4297 2288 4352 166:
2356 4294 2574 4369 „studia
2635 4294 2899 4352 Homerica

744 4398 1024 4473 Apollonii
1060 4397 1324 4471 similia“;
1362 4396 1433 4456 cf.
1474 4414 1522 4458 ο.
1558 4414 1639 4471 gr.
1684 4399 1749 4456 15
1787 4397 1865 4472 ἀμ
1899 4394 2046 4472 μέγα
2088 4401 2254 4472 τῖφος
2292 4420 2361 4447 =
2398 4397 2503 4469 Ap.
2541 4396 2586 4470 1,
2627 4398 2746 4454 127.
