3178 5200
1459 517 1545 584 37

394 695 523 757 τοῦ
569 696 1066 781 στερίσκεσθαι,
1128 692 1297 761 ἀλλὰ
1348 689 1458 759 ἐπὶ
1514 699 1637 760 τοῦ
1694 688 2079 777 μέμφεσθαι
2123 688 2421 775 ἥκουσαν
2465 685 2579 777 (si-

402 806 663 879 militer
710 810 798 879 ad
841 809 939 896 H,
989 809 1232 897 1200)?

580 927 886 997 Verbum
928 930 1158 995 autem
1203 927 1499 994 σώεσθαι
1544 962 1631 974 -
1673 923 1767 1010 11,
1802 922 1973 991 1009
2020 925 2390 1009 Γενηταίου
2410 924 2580 1002 Διὸς

399 1048 617 1133 ἄκρην
682 1045 1104 1131 γνάμψαντες
1171 1046 1429 1111 σώοντο
1498 1040 1704 1129 παρὲξ
1755 1042 2170 1127 Τιβαρηνίδα
2243 1050 2442 1125 γαῖαν
2506 1042 2579 1108 et

402 1162 541 1250 III,
572 1162 702 1230 307
765 1159 847 1248 ἦέ
899 1186 999 1240 τις
1049 1164 1171 1247 ἄτη
1221 1161 1230 1249 Ι
1283 1159 1649 1246 σωομένοις
1698 1160 2035 1244 μεσσηγὺς
2094 1156 2448 1224 ἐνέκλασεν
2496 1194 2574 1208 ——

399 1284 487 1349 ut
531 1279 984 1369 significatum
1025 1277 1315 1347 vehendi
1370 1275 1741 1364 navigandi
1785 1274 2197 1364 properandi
2237 1273 2573 1359 indueret,

401 1399 719 1468 effectum
789 1396 1065 1466 videtur
1139 1395 1434 1464 confusis
1524 1393 1758 1462 formis
1834 1392 2210 1461 Homericis
2287 1393 2572 1472 σώοντες

399 1543 428 1584 ι
471 1515 621 1599 430,
687 1516 984 1583 σώεσκον
1030 1518 1088 1580 Θ
1133 1512 1260 1580 363
1306 1515 1380 1583 et
1420 1514 1631 1582 verbo
1678 1510 1905 1580 dorico
1971 1521 2208 1597 σώμαι,
2273 1509 2451 1599 quod
2499 1509 2571 1577 in

397 1631 676 1723 Epilyci
732 1629 1073 1699 comoedia
1126 1630 1392 1699 invenit
1445 1629 1843 1698 Athenaeus
1902 1627 2028 1713 IV,
2079 1627 2206 1695 140
2229 1649 2271 1695 a
2314 1628 2424 1714 (=
2476 1627 2566 1694 fr.

398 1751 457 1836 Ι,
506 1749 635 1818 803
679 1747 922 1836 Koch),
984 1748 1170 1817 cuius
1231 1747 1425 1817 verbi
1478 1746 1740 1815 formae
1797 1744 2051 1814 atticae
2110 1755 2256 1830 σοῦ,
2316 1752 2571 1812 σοῦσθε

396 1867 699 1937 usitatae
745 1868 966 1935 erant.
2365 1877 2370 1883 '

574 1984 832 2053 Crebro
863 1984 1092 2053 autem
1120 1983 1378 2051 factum
1408 2004 1556 2051 esse
1585 1982 2019 2051 manifestum
2065 1984 2193 2065 est,
2238 1984 2320 2050 ut
2361 1986 2568 2070 poeta
2630 1963 2795 2050 §13-

399 2102 638 2171 doctus
708 2100 1086 2189 veriloquio
1171 2100 1387 2190 magis
1448 2122 1654 2189 quam
1738 2099 2233 2169 sententiarum
2300 2106 2556 2168 conexu

395 2218 654 2287 innisus
699 2217 1008 2287 obsoleta
1054 2217 1386 2286 vocabula
1443 2217 1800 2307 reciperet.
1891 2217 2128 2306 Neque
2178 2224 2405 2287 tamen
2449 2239 2563 2285 ne-

394 2335 785 2426 gligendum
844 2338 950 2403 est
1010 2336 1266 2423 ῥήματα
1312 2339 1386 2404 et
1428 2333 1704 2423 linguae
1765 2340 2033 2425 partem
2095 2356 2240 2403 esse
2297 2333 2566 2402 minime

396 2453 787 2522 mutabilem
834 2455 908 2521 et
951 2451 1238 2536 omniun,
1286 2474 1456 2541 quae
1501 2452 1596 2521 sit
1624 2450 1820 2521 verbi
1863 2451 2145 2520 alicuius
2191 2451 2321 2537 vie,
2370 2473 2560 2520 accu-

395 2574 553 2641 rata
579 2568 1152 2661 interpretatione
1179 2568 1450 2640 facilius
1484 2569 1796 2659 cognosci
1825 2592 2019 2660 posse
2048 2591 2247 2660 quam
2275 2569 2565 2660 epitheti

393 2689 506 2761 vel
537 2688 952 2758 substantivi
980 2687 1298 2757 inusitati
1326 2687 1687 2757 notionem.
1733 2687 2111 2777 Utriusque
2135 2688 2239 2756 rei
2259 2687 2565 2776 exempla

393 2807 791 2877 afferentur.

564 2923 991 2993 Homericam
1052 2945 1283 2993 vocem
1343 2923 1598 3005 ἔξαιτος
1656 2925 1727 3012 (β
1771 2924 1900 2991 307
1962 2922 2183 3010 ἐρέτας
2227 2923 2557 3012 ἐξαίτους,

392 3046 471 3108 Μ
511 3041 642 3108 320
702 3035 886 3120 οἶνος
947 3041 1234 3126 ἔξαιτοςς
1323 3064 1354 3107 ε
1402 3040 1547 3126 102,
1596 3065 1632 3107 τ
1680 3042 1808 3108 366
1872 3040 2264 3128 ἑκατόμβας)
2328 3039 2556 3129 Apoll.

389 3180 511 3248 pro
543 3180 621 3226 eo
652 3157 834 3247 quod
862 3161 968 3226 est
1010 3157 1400 3248 postulatus
1436 3158 1727 3248 accepit:
1773 3158 1898 3243 IV,
1932 3158 2101 3225 1004
2143 3160 2457 3245 Μήδειαν
2497 3159 2557 3225 δ’

389 3274 645 3356 ἔξαιτον
706 3274 823 3344 ἑοῦ
882 3274 950 3354 ἐς
1013 3277 1261 3363 πατρὸς
1319 3277 1627 3360 ἄγεσθαι,
1695 3275 1854 3364 quia
1925 3275 2069 3343 sine
2140 3275 2341 3344 dubio
2411 3299 2560 3345 cum

387 3394 595 3461 verbo
644 3391 922 3474 ἐξαιτεῖν
969 3391 1440 3481 coniungebat,
1505 3392 1682 3480 quod
1728 3414 1784 3460 e.
1830 3415 1934 3480 gr.
1981 3391 2147 3462 Hdt.
2195 3393 2251 3477 Ι,
2299 3394 2388 3460 74
2433 3395 2558 3460 οὐκ

387 3507 618 3577 ἐδίδου
663 3508 1019 3589 ἐξαιτέοντι
1066 3512 1317 3578 exstat.

561 3626 686 3709 IV,
720 3625 847 3693 231
895 3630 958 3693 εί
1000 3630 1093 3712 μή
1139 3627 1210 3693 οἰ
1247 3629 1501 3715 κούρην
1547 3627 1954 3714 αὐτάγρετον
1998 3666 2084 3677 -
2129 3666 2215 3678 -
2260 3629 2557 3714 ἄξουσιν,

383 3782 469 3793 -
501 3781 590 3791 —
620 3744 981 3829 δαήσονται
1026 3749 1395 3831 κεφαλῆσιν
1422 3744 1432 3834 Ι
1459 3745 1674 3811 πάντα
1717 3747 1940 3832 χόλον,
1985 3745 2104 3813 ubi
2151 3745 2558 3832 αὐτάγρετον

383 3860 466 3929 de
497 3860 729 3947 ἀγρεῖν
760 3864 1098 3949 „capere“,
1146 3861 1534 3932 derivatum
1566 3866 1691 3948 est,
1740 3885 1939 3952 quam
1969 3863 2105 3932 vim
2130 3861 2313 3931 illius
2359 3864 2555 3932 verbi

383 3987 528 4046 esse
573 4000 610 4046 e
655 3977 1064 4067 compositam,
1130 3979 1325 4048 velut
1371 3979 1652 4067 ζωγρέω,
1715 3981 2118 4067 βαλανάγρα,
2185 3983 2250 4050 ei
2295 4005 2554 4071 quoque

380 4097 720 4163 noverant
766 4093 1005 4184 quibus
1043 4097 1322 4164 verbum
1365 4095 1582 4184 ipsum
1627 4096 2031 4166 inusitatum
2077 4101 2250 4166 erat.
2340 4099 2553 4168 Aliud

380 4213 612 4279 autem
679 4211 1022 4299 significat
1088 4210 1405 4297 HomerO‚
1475 4235 1525 4280 π
1572 4213 1698 4281 148
1786 4218 1849 4281 εί
1914 4215 2040 4302 γάρ
2087 4237 2227 4294 πώς
2272 4218 2375 4302 εἴη
2437 4218 2552 4284 αὐ-

380 4328 661 4413 τάγρετα
723 4329 938 4395 πάντα
1000 4333 1371 4417 βροτοῖσιν,
1430 4333 1699 4417 πρῶτόν
1743 4355 1860 4398 κεν
1908 4368 1991 4386 —··
2041 4332 2377 4419 ἑλοίμεθα,
2434 4334 2553 4402 ubi

381 4444 478 4513 sic
518 4445 877 4514 vertimus:
932 4445 1029 4532 „si
1057 4446 1208 4517 fieri
1237 4447 1473 4535 possit,
1518 4451 1599 4516 ut
1642 4448 1776 4537 ipsi
1814 4447 2109 4520 homines
2158 4449 2381 4521 omnia
2423 4450 2551 4521 sibi
