3178 5200
1719 428 1805 496 52

681 602 844 688 ¹799,
917 600 1336 673 nulliam‘ui
1398 602 1505 672 his
1579 602 1746 672 locis
1819 601 2049 673 allatis
2121 601 2499 689 invonitur,
2587 622 2769 669 cum
2836 599 2914 668 iu

679 720 987 810 pedestri
1022 744 1323 791 sermone
1358 721 1597 808 διχάζω
1633 718 2041 806 „dividere“,
2087 719 2395 810 quamvis
2438 741 2639 806 rare,
2698 742 2913 788 usur-

679 841 897 928 petur,
975 863 1032 909 e.
1095 860 1200 928 gr.
1261 839 1440 908 Plat.
1506 837 1656 906 Pol.
1703 838 1834 905 264
1853 837 1938 905 D.
2040 836 2228 907 Idem
2295 840 2525 908 autem
2597 837 2914 906 Aratus

681 956 889 1043 δίκαις,
936 959 1212 1044 &lxmae-95
1259 959 1493 1046 διχαίω
1537 954 1843 1027 novavit.

853 1091 955 1161 Ut
1007 1095 1216 1182 poeta
1274 1092 1500 1181 epicus
1560 1094 1749 1160 suum
1807 1091 1880 1159 in
1940 1106 2134 1160 usum
2178 1110 2407 1161 vocem
2449 1091 2679 1177 διχᾶω
2751 1089 2908 1158 for-⁴

677 1208 912 1291 mavit,
959 1210 1058 1278 sic
1085 1232 1211 1298 pro
1243 1210 1454 1279 verbo
1487 1212 1782 1291 σταλάζω
1824 1208 1939 1279 vel
1980 1209 2325 1276 σταλάσσω
2368 1207 2613 1298 posuit
2662 1205 2905 1276 metri

676 1327 1090 1396 necessitate
1156 1329 1428 1395 coactus
1494 1327 1785 1412 σταλάω,
1852 1326 1981 1393 962
2040 1318 2188 1393 οἷον
2251 1326 2542 1393 σταλάον
2614 1322 2897 1410 ψοφέει

677 1440 786 1512 ε’πὶ
815 1444 1013 1512 ὕδατι
1042 1445 1249 1531 ὕδωρ.
1324 1442 1521 1526 Quod
1549 1442 1727 1512 idem
1749 1441 1980 1532 Apoll.
2012 1443 2321 1512 imitatus
2355 1444 2487 1510 est:
2529 1440 2671 1527 IV,
2702 1439 2898 1508 1064

677 1564 943 1629 σταλάει
982 1561 1042 1628 δ’
1078 1562 1214 1629 ὕπο
1247 1561 1460 1648 δάκρυ
1489 1562 1763 1648 παρειὰς
1799 1567 1811 1644 Ι
1849 1560 2246 1648 μυρομένης.
2313 1557 2629 1628 Tertium
2663 1557 2889 1626 huius

673 1678 856 1748 modi
885 1679 1308 1747 formationis
1341 1679 1716 1768 exemplum
1746 1679 2084 1746 Arateum
2130 1680 2239 1746 est
2268 1679 2547 1746 verbum
2576 1676 2882 1764 τριτάως

675 1798 804 1865 796
836 1799 1203 1883 τριτόωσαν
1234 1799 1540 1882 σελήνην.
1609 1795 1843 1885 Atque
1888 1794 2095 1863 simili
2136 1794 2405 1864 ratione
2424 1794 2475 1880 ¹)
2519 1793 2591 1863 in
2623 1791 2884 1882 epicae

676 1914 1074 1983 elocutionis
1118 1935 1313 1981 usum
1356 1916 1614 1981 novata
1644 1914 1752 1982 est
1779 1935 1916 1982 vox
1953 1915 2217 1997 κεδαίω,
2263 1910 2442 1980 sicut
2486 1911 2571 1978 ab
2618 1908 2879 1979 eodem

673 2031 896 2100 Arato
929 2033 1180 2117 ὃιχαίω,
1222 2031 1353 2097 410
1384 2030 1601 2119 (159):
1648 2032 2071 2115 κεδαιόμεναι
2117 2067 2204 2077 -
2247 2038 2422 2116 νῆες.
2511 2027 2646 2096 Hie
2689 2046 2873 2121 fluo-

675 2172 805 2238 que
851 2151 1155 2217 sectatur
1195 2148 1390 2215 fflum
1434 2147 1857 2238 Apollonius,
1919 2147 2179 2233 11‚626
2235 2146 2529 2235 μελειστὶ
2589 2146 2871 2213 netime-

671 2288 873 2353 μενος
915 2264 1322 2347 θανέεσθαις
1366 2264 1452 2332 cf.
1479 2264 1911 2348 Nicandrum,
1957 2264 2055 2332 th.
2087 2265 2250 2353 4253
2299 2264 2385 2333 al.
2420 2265 2568 2334 545.
2660 2266 2867 2350 Quae

672 2384 894 2451 forma
938 2398 1252 2472 praesens
1293 2385 1399 2450 est
1443 2382 1690 2450 aoristi
1731 2381 2073 2451 Homerici
2116 2382 2447 2469 ἐκέδασσε,
2490 2383 2859 2452 agamemn.

847 2518 1157 2587 Tertium
1201 2521 1429 2587 autem
1474 2518 1815 2608 epicorum
1858 2540 2071 2608 genus
2115 2519 2495 2599 verborum,
2566 2538 2860 2609 quorum

673 2636 980 2726 exempla
1025 2637 1288 2704 Aratus
1334 2658 1599 2725 quoque
1653 2655 1834 2706 nova
1877 2637 2178 2726 praebet,
2243 2640 2404 2707 sunt
2447 2636 2571 2706 illa
2613 2637 2852 2720 verba,

670 2776 842 2843 quae
885 2754 958 2821 in
1000 2755 1155 2821 -ιάω
1202 2751 1474 2821 cadunt.

842 2888 1148 2957 Verbum
1193 2886 1370 2956 enim
1413 2889 1660 2955 εὐδιάω
1721 2887 1930 2956 nullis
1988 2887 2125 2957 nisi
2176 2888 2378 2978 epicis
2423 2887 2660 2956 formis
2706 2910 2852 2955 non

665 3005 799 3074 nisi
845 3003 1024 3094 apud
1068 3004 1367 3072 Aratum
1410 3005 1752 3094 Aratique
1814 3005 2198 3075 imitatores
2257 3005 2641 3076 invenitur:
2709 3003 2847 3073 899

666 3126 840 3202 Διὸς
885 3123 1301 3201 εὐδιόωντος.

778 3249 781 3252 ’
843 3258 1011 3326 Cum
1066 3257 1332 3326 Aratus
1394 3281 1626 3327 vocem
1681 3261 1907 3338 εὔδιος
1964 3280 2224 3348 semper
2281 3280 2428 3326 oum
2470 3262 2500 3324 ῖ
2552 3261 2843 3348 usurpet

666 3375 845 3464 (784,
862 3376 991 3442 823
1007 3375 1144 3460 aL),
1167 3374 1339 3444 hanc
1352 3376 1543 3445 verbi
1560 3375 1913 3465 prosodiae
1937 3374 2500 3465 permutationem
2523 3374 2842 3464 analogia

664 3496 1045 3561 ceterorum
1100 3492 1173 3560 in
1230 3495 1385 3560 -ιάω
1442 3487 1892 3562 desinentium
1935 3495 2294 3561 verborum
2341 3493 2653 3561 effectam
2688 3513 2838 3561 esse

661 3609 1101 3678 manifestum
1163 3616 1301 3693 est,
1368 3609 1552 3678 haud
1614 3603 1819 3678 aliter
1885 3612 2089 3699 atque
2153 3611 2367 3678 εὔδιοι
2425 3610 2556 3699 Ap.
2603 3610 2658 3693 Ι,
2705 3608 2832 3677 521

662 3727 1154 3797 adiectivorum
1195 3728 1269 3794 in
1311 3751 1446 3805 -ιος
1488 3727 1939 3795 desinentium
1984 3727 2360 3815 exemplum
2405 3726 2731 3817 sequitur.

922 3874 1056 3964 Ap.
1104 3873 1162 3958 I,
1208 3874 1340 3941 424
1388 3871 1498 3941 ἐπὶ
1544 3877 1795 3942 πόντον
1840 3873 2219 3958 ἐλευσόμεθ’
2270 3873 2660 3952 εὐδιόωντες

1058 3990 1158 4076 11,
1202 3990 1333 4059 903
1379 3990 1622 4075 τέμνον
1667 3994 1880 4059 πλόον
1924 3992 2317 4070 εὐδιόωντες

1028 4108 1154 4193 IV,
1201 4106 1334 4176 933
1379 4108 1697 4195 δελφῖνες
1737 4107 1902 4189 ὑπὲξ
1943 4107 2103 4187 ἁλὸς
2147 4109 2539 4188 εὐδιόωντες
2550 4128 2568 4194 3

843 4368 898 4439 1)
937 4365 1132 4437 quibus
1170 4364 1240 4423 de
1275 4364 1457 4423 verbis
1494 4365 1609 4437 egit
1642 4364 2009 4422 Kuehner-Bl.
2044 4382 2100 4436 p.
2138 4366 2260 4423 536.
