3178 5200
1383 457 1469 526 39

513 632 760 703 Mirum
802 655 925 724 per
969 653 1274 703 errorem
1316 631 1578 702 factum
1622 632 1747 716 est,
1811 631 1896 699 ut
1937 629 2071 720 Ap.
2120 630 2329 700 verbo
2376 632 2508 697 δει-

332 756 651 839 δίσκομαι
690 752 828 822 vim
871 752 1062 821 verbi
1093 754 1396 837 δείκνυμι
1426 749 1801 818 tribueret:
1848 747 1906 833 I,
1939 748 2068 816 558
2112 747 2507 836 παράκοιτις

331 869 705 938 ἐπωλένιον
795 869 1136 957 φορέουσα
1180 869 1522 954 Πηλείδην
1560 867 1821 954 Ἀχιλῆα
1882 869 2057 954 φίλφ
2134 867 2508 933 δειδίσκετο

328 991 557 1076 πατρί.

512 1104 980 1194 Veriloquium
1045 1103 1332 1192 denique
1414 1106 1682 1170 secutus
1746 1100 1883 1190 Ap.
1952 1099 2233 1168 verbum
2301 1114 2509 1165 συνα-

327 1225 583 1310 ράσσω,
653 1222 832 1312 quod
875 1225 959 1290 ab
1003 1221 1282 1290 Homeri
1335 1220 1752 1309 temporibus
1799 1217 2191 1287 concidendi
2238 1219 2309 1285 et
2356 1239 2508 1287 con-

323 1340 679 1430 fringendi
709 1339 846 1409 vim
874 1339 1229 1422 habuerat,
1262 1336 1522 1427 recepit
1552 1336 1652 1420 II,
1684 1336 1812 1404 613
1843 1340 2106 1423 ’Ἄργος
2137 1336 2510 1420 γόμφοισιν

328 1458 714 1544 συνάρασσε
771 1454 950 1544 (νῆα)
1014 1456 1085 1523 et
1145 1453 1277 1538 III,
1328 1454 1529 1540 1318;
1598 1452 1683 1520 cf.
1747 1477 1778 1519 ε
1822 1450 1954 1519 248
2014 1452 2382 1537 γόμφοισιν
2447 1450 2506 1517 δ’

327 1578 465 1662 ἄρα
507 1578 630 1660 τήν
675 1598 749 1659 γε
793 1571 903 1640 καὶ
949 1573 1348 1660 ἁρμονίῃσιν
1393 1573 1705 1658 ἄρασσεν.

511 1691 828 1761 Ceterum
893 1690 1108 1757 multa
1175 1687 1420 1758 similia
1481 1686 1811 1773 invenias,
1883 1687 1943 1755 si
2004 1684 2505 1770 commentaria,

329 1830 508 1900 quae
553 1808 635 1877 de
676 1806 1030 1899 Apollonii
1073 1805 1326 1874 Rhodii
1386 1805 1766 1874 elocutione
1828 1803 2103 1893 scripsit
2166 1800 2509 1875 Haackius

331 1926 558 2015 (Halia
607 1923 805 2013 1842)
847 1924 1181 2014 perlegas.

505 2042 740 2132 Atque
786 2062 1012 2110 omnes
1042 2041 1115 2108 in
1142 2042 1379 2130 partes
1414 2039 1698 2107 similem
1731 2038 2190 2127 quaestionem
2234 2037 2510 2125 egregie

328 2160 671 2230 tractavit
716 2158 1112 2243 Schmidius‚
1176 2156 1393 2226 Attic.
1442 2180 1507 2247 p.
1542 2156 1673 2224 720
1697 2136 1770 2241 ss
1816 2156 1930 2245 qui
1994 2154 2303 2245 exempla
2367 2154 2509 2223 eius

331 2277 439 2347 rei
506 2279 730 2362 affert,
813 2297 1014 2365 quam
1079 2275 1279 2344 dicit:
1372 2272 1967 2362 „Etymologisch-
1982 2271 2505 2370 synonymisohe

332 2394 775 2483 Umdeutung
829 2415 966 2462 von
1011 2392 1359 2476 Worterm
1420 2391 1674 2461 welche
1736 2394 2056 2478 vermiige
2113 2389 2298 2458 ihrer
2364 2388 2509 2457 Bil-

334 2512 522 2600 dung
563 2510 1086 2580 verschiedenen
1130 2509 1297 2579 Sinn
1342 2509 1672 2594 zulassen,
1744 2511 1910 2577 aber
1955 2508 2048 2575 im
2090 2507 2510 2576 klassischen

336 2628 732 2701 Griechisch
757 2628 883 2698 auf
923 2628 1302 2697 bestimmte
1334 2626 1830 2720 Bedeutungen
1857 2628 2194 2717 gewertet
2222 2625 2509 2696 worden

341 2745 557 2816 sind“.

1197 3097 1504 3167 CAPUT
1550 3098 1645 3166 H.

573 3275 912 3362 QUIBUS
957 3276 1085 3344 AB
1129 3273 1614 3344 HOMERICO
1657 3273 1841 3344 USU
1886 3273 2268 3343 ALIENIS

683 3392 1272 3462 APOLLONIUS
1320 3391 1667 3462 VERBIS
1710 3390 1943 3461 USUS
1990 3390 2153 3460 SIT.

357 3649 362 3656 δ
508 3571 740 3642 Verba
784 3572 867 3639 ab
912 3570 1271 3640 Homerico
1335 3594 1637 3640 sermone
1697 3570 1920 3640 aliena
1977 3572 2311 3640 tractanti
2369 3572 2500 3641 sin-
2563 3584 2604 3664 §
2629 3580 2734 3648 14,

327 3690 496 3779 gula
537 3688 789 3777 ubique
832 3689 958 3756 hoc
1003 3689 1442 3778 spectandum
1486 3692 1558 3758 et
1605 3689 2119 3758 discernendum
2148 3692 2271 3769 est,
2321 3690 2501 3758 sitne

328 3829 466 3886 vox
541 3805 769 3895 aliqua
849 3829 932 3874 ex
1000 3806 1244 3875 usitati
1319 3806 1648 3875 sermonis
1723 3808 1918 3896 copia
1991 3830 2078 3875 an
2193 3830 2277 3876 ex
2348 3829 2504 3896 poe-

328 3925 472 4008 tica
524 3922 906 3991 elocutione
972 3926 1259 4011 sumpta,
1338 3926 1544 4011 atque
1589 3923 1695 3990 sin
1736 3923 1863 3992 hoc
1928 3924 2032 3994 sin
2096 3923 2285 4007 illud,
2356 3947 2507 4012 pos-

330 4042 622 4122 simusne
699 4039 1147 4128 compluribus
1237 4040 1436 4108 rebus
1519 4039 1861 4126 congestis
1951 4062 2355 4128 cognoscere
2438 4043 2511 4108 et

327 4155 603 4240 facilius
660 4177 826 4244 quos
860 4154 1267 4243 Apollonius
1315 4160 1553 4245 poetas
1600 4158 1903 4224 sectatus
1952 4155 2063 4239 sit,
2112 4158 2183 4223 et
2240 4156 2312 4223 in
2359 4156 2506 4224 uni-

328 4295 622 4357 versum,
667 4273 759 4340 inv
784 4271 972 4340 cuius
1005 4271 1283 4341 dialecti
1328 4272 1768 4341 fundamento
1797 4271 2259 4361 Apolloniana
2288 4272 2507 4340 elocu-

329 4390 433 4457 tio
469 4388 704 4484 =posita
750 4373 862 4458 sit.
957 4392 1062 4458 Ac
1104 4389 1391 4477 primum
1447 4388 1717 4479 quidem
1774 4387 1994 4458 multa
2037 4387 2109 4458 in
2151 4387 2509 4480 Apollonii
