3178 5200
1357 515 1455 591 49<

299 676 492 775 φδόν.
608 690 807 781 quae
874 688 1093 768 verba
1142 697 1451 788 loquifiur
1512 690 1762 767 Castor
1820 696 1893 765 in
1952 691 2194 766 fabula
2246 694 2498 785 Ainyci

301 807 813 902 Argonautica,
859 815 1034 884 unde
1062 814 1502 904 Apollonium
1546 837 1778 884 vocem
1819 811 2089 883 novisse
2136 808 2497 885 verisimil-

298 926 553 998 limum
584 933 715 1000 est.
783 928 1042 1007 Eadem
1080 931 1255 1003 enim
1298 931 1566 999 ratione
1598 953 1745 1001 cum
1775 930 2163 1001 accusativo
2208 929 2497 1000 medium

294 1049 453 1139 Ap.
487 1068 751 1139 quoque
784 1040 1167 1119 construxit
1197 1049 1252 1135 Ι,
1286 1048 1458 1118 1327
1488 1048 1665 1137 μάλα
1694 1052 1778 1136 δή
1805 1074 1888 1136 με
1917 1060 2095 1139 κακῷ
2126 1048 2498 1118 ἐκυδάσσαο

287 1169 540 1257 μύθῳ.

501 1284 707 1353 Cuius
775 1283 960 1354 vocis
1028 1284 1112 1353 de
1180 1283 1442 1373 origine
1513 1285 1647 1354 etsi
1710 1283 1883 1357 nihil
1949 1285 2126 1353 ceri-‚i
2199 1276 2497 1373 'proferri

280 1403 576 1492 potest,
621 1405 851 1471 flamen
894 1394 1201 1491 exempla
1230 1400 1679 1490 Epicharmea
1708 1401 2005 1470 doricam
2049 1401 2260 1470 fuisse
2289 1442 2365 1451 --
2389 1401 2498 1470 cui

284 1519 708 1588 sententiae
771 1519 884 1589 vel
946 1517 1298 1608 Sophoclis
1362 1542 1521 1588 usus
1587 1520 1821 1588 obstat
1863 1557 1948 1570 -
1994 1512 2262 1586 minime
2325 1538 2495 1587 com-

282 1628 639 1726 probant,
668 1636 823 1725 quia
836 1634 1225 1726 Epicharmi
1247 1636 1580 1705 dialectus
1613 1636 1911 1706 ionismis
1934 1629 2114 1705 haud
2134 1638 2410 1704 carebat
2427 1635 2495 1723 ¹).

500 1752 691 1837 Quae
753 1752 974 1823 adhuc
1035 1754 1484 1822 tractavimus
1568 1754 1782 1822 verba
1848 1744 2070 1821 omnia
2134 1753 2269 1821 iam
2335 1744 2571 1830 anbe§
2616 1743 2721 1812 19·

291 1862 677 1959 Apollonii
729 1874 1044 1959 tempora
1111 1870 1182 1938 in
1227 1868 1646 1940 Graecorum
1714 1871 1988 1960 scriptis
2051 1861 2498 1939 inveniunvur

289 2009 542 2076 neque
574 1988 840 2057 omnino
885 1988 1109 2057 aliena
1154 1990 1318 2056 sunt
1359 2008 1402 2055 a
1439 1987 1770 2056 communi
1809 2009 2089 2076 poeseos
2122 1976 2500 2056 elocutione

299 2107 453 2174 aut
489 2125 530 2171 a
568 2108 811 2193 poetae
855 2105 1065 2193 ipsius
1112 2103 1423 2189 dialecto,
1471 2116 1669 2192 quam
1705 2104 1900 2171 Ἰάδα
1935 2104 2151 2172 fuisse
2190 2102 2494 2189 vidimus,

301 2220 390 2289 id
426 2220 610 2310 quod
640 2243 725 2290 ex
757 2242 834 2290 eo
869 2242 1132 2310 quoque
1147 2213 1341 2310 'quod
1362 2220 1826 2290 Alexandriae
1860 2220 2052 2288 illum
2085 2224 2320 2290 natum
2351 2243 2500 2291 esse

304 2337 635 2423 tradunt,
668 2337 1137 2407 concludamus
1168 2341 1463 2428 oportet.
1529 2337 1695 2405 Cum
1720 2360 1900 2408 nunc
1924 2338 2050 2406 illa
2072 2341 2302 2423 verba,
2328 2359 2501 2428 quae

305 2455 393 2523 in
459 2454 840 2544 aequalium
901 2456 1307 2524 carminibus
1364 2455 1706 2544 leguntur,
1784 2457 2203 2545 perscrutari
2263 2477 2499 2544 aggre-

309 2572 611 2657 diamur,
659 2571 1058 2643 monendum
1088 2575 1212 2658 est,
1259 2573 1436 2662 quod
1470 2572 1605 2642 iam
1639 2572 1838 2642 initio
1880 2572 1963 2642 de
2007 2574 2275 2642 ratione
2315 2573 2501 2642 inter

303 2688 987 2759 Alexandrinorum
1025 2692 1380 2779 poetarum
1438 2690 1736 2759 carmina
1796 2690 2263 2760 intercedente
2328 2691 2502 2760 dixi-

302 2831 502 2886 mus:
550 2830 671 2876 nos
703 2808 776 2875 in
804 2806 1197 2877 universum
1227 2807 1507 2892 nescire,
1541 2810 1700 2875 uter
1730 2808 1953 2877 utrius
1989 2808 2284 2896 vestigia
2313 2831 2497 2897 pres-

308 2907 553 2995 sisset.
620 2924 875 2994 Tamen
902 2907 1226 2992 nonnulla
1256 2927 1417 2992 sunt
1445 2927 1656 2994 certa.
1727 2923 1894 2994 Cum
1923 2947 2154 2995 vocem
2184 2937 2500 3012 γατομεῖν

303 3065 519 3124 nemo
563 3042 1003 3130 usurpaverit:
1045 3041 1176 3110 nisi
1222 3042 1352 3129 Ap.
1401 3041 1500 3125 ΙΙ,
1550 3043 1723 3110 1005
1786 3046 2007 3130 χθόνα
2066 3041 2501 3128 γατομέοντες

302 3165 392 3248 et
430 3159 805 3252 'Lycophro
851 3160 1001 3243 268,
1053 3158 1239 3243 1396,
1309 3139 1610 3227 dubitari
1668 3182 1804 3227 non
1846 3164 2098 3250 potest,
2163 3161 2325 3249 quin
2368 3159 2496 3250 Ap.

303 3300 406 3348 ox
441 3259 897 3367 Lycophrone
929 3276 1298 3366 sumpseril:
1334 3276 1462 3344 hoc
1506 3277 1591 3344 ab
1639 3276 1823 3365 epico
1871 3257 2176 3346 sermone
2218 3300 2498 3366 prorsus

302 3395 699 3481 abhorrens
768 3396 1065 3464 verbum.
1187 3394 1601 3483 Quamquam
1675 3393 1849 3461 enim
1916 3393 2248 3462 Homerus
2323 3394 2500 3464 tales

240 3597 253 3606 .
301 3536 477 3582 cum
517 3537 630 3599 γη-
654 3493 1064 3602 -compositas
1112 3534 1310 3581 voces
1355 3534 1491 3579 non
1533 3512 1839 3600 praebet,
1884 3513 2115 3580 ’namen
2158 3513 2282 3579 aui:
2326 3534 2499 3595 γειο-

299 3641 558 3717 τομεῑν
604 3632 725 3697 aut
769 3639 1129 3715 γεωτομεῖν
1190 3628 1442 3697 formas
1509 3628 1695 3721 epico
1758 3627 1995 3716 generi
2040 3627 2306 3696 dicendi
2345 3650 2498 3696 con·

301 3746 680 3817 venientes
741 3769 890 3815 esse
946 3745 1382 3813 manifestum
1445 3751 1586 3829 est,
1651 3744 1844 3814 velut
1886 3744 2020 3834 Ap.
2065 3744 2211 3850 ipse
2266 3745 2324 3830 Ι,
2371 3745 2500 3814 687

299 3867 785 3952 γειοτόμον-
803 3865 1111 3951 ἄροτρον,
1129 3862 1184 3948 Ι,
1204 3863 1375 3929 1214
1398 3864 1663 3948 βοὸς-
1684 3865 2052 3948 γεωμόρου,
2076 3860 2405 3928 Maximus
2434 3883 2499 3927 π.

300 4005 599 4069 καταρχ.
630 3981 759 4050 499
801 3983 1127 4067 γεωτομία
1155 3982 1548 4071 posuerunt.
1627 3978 1879 4048 Forma
1908 3989 2223 4067 γατομετν
2251 3980 2498 4063 autem,

517 4262 571 4334 1)
600 4260 762 4318 ,cuius
814 4259 897 4316 rei
946 4260 1252 4331 exemplum
1308 4257 1460 4315 dedit
1497 4258 1641 4315 Guil.
1680 4256 1938 4313 Schulze:
1994 4274 2154 4314 usum
2203 4257 2350 4314 vocis
2405 4248 2502 4326 ὧν,

303 4351 646 4419 Herodoteo
698 4378 850 4418 more
900 4362 958 4418 in
1011 4361 1173 4417 tmesi
1233 4359 1542 4432 adhibitae3
1607 4359 1677 4416 fr.
1730 4361 1833 4415 124
1855 4358 1923 4415 K.
1981 4353 2066 4414 ἐπ’
2107 4353 2186 4415 ὧν
2248 4355 2474 4431 ἐπίομες
2484 4376 2501 4430 3

307 4464 397 4521 cf.
440 4464 511 4521 fr.
550 4466 637 4539 35,
675 4467 724 4521 6.
1116 4473 1123 4480 ·

2040 4564 2088 4633 4
