3178 5200
0 680 121 748 ’ἴων

1486 524 1571 590 35

540 680 545 687 ³
575 684 579 689 ⁹
620 686 926 768 Verbum
972 702 1250 785 λιγαίνω
1296 699 1390 787 (Α
1412 700 1540 768 685
1570 703 1857 788 κήρυκες
1884 696 2329 786 λιγαίνουσιν)
2375 721 2419 768 a
2455 721 2619 770 voce

442 812 738 884 humana
780 815 1196 885 translatum
1241 819 1350 885 est
1393 817 1482 884 ad
1523 815 1722 905 lyrae
1753 839 2019 886 sonum:
2067 816 2121 901 I,
2153 817 2285 885 740
2323 815 2621 903 Ἀμφίων

449 932 701 1021 χρυσέῃ
749 936 1072 1020 φόρμιγγι
1117 936 1454 1020 λιγαίνων.

622 1055 789 1118 κλᾶν
834 1054 1034 1119 νόονε
1100 1050 1225 1132 IV,
1274 1051 1447 1119 1078
1488 1052 1728 1139 κούρη·
1773 1051 1939 1117 κατά
1980 1075 2094 1136 μοι
2139 1053 2303 1118 νόον
2348 1052 2624 1117 ἔκλασεν

450 1167 803 1252 ἀντιόωσα,
848 1167 965 1235 ubi
995 1168 1327 1236 ἀντιόωσα
1354 1167 1678 1256 precandi
1708 1166 2130 1257 supplicandi
2174 1167 2625 1257 significatum

447 1282 674 1369 habet,
740 1287 822 1353 ut
883 1284 1037 1352 aliis
1103 1307 1365 1374 quoque
1425 1284 1614 1352 locis.
1707 1285 1874 1355 cum
1921 1284 2093 1353 enim
2153 1284 2334 1372 apud
2375 1284 2621 1352 Home-

448 1423 597 1468 rum
642 1402 852 1471 verba
901 1401 1151 1469 ἀντιάω
1198 1402 1559 1488 ἀντιβολέω
1604 1404 1883 1488 ἄντομαι
1927 1400 2100 1469 nihil
2159 1401 2294 1469 nisi
2357 1402 2623 1471 obviam

450 1540 550 1604 eo,
593 1518 813 1587 incido
862 1518 1263 1607 significent,
1307 1523 1550 1608 postea
1593 1522 1875 1589 verbum
1906 1518 2268 1606 ἀντιβολέω
2316 1519 2618 1588 omnibus

448 1634 781 1704 usitatum
802 1635 1211 1725 implorandi
1240 1636 1585 1704 notionem
1609 1637 1887 1725 accepit,
1918 1638 2001 1705 ut
2024 1659 2066 1704 a
2087 1635 2357 1704 Latinis
2391 1636 2623 1703 eodem

438 1768 600 1820 ‘cum
643 1775 844 1821 sensu
890 1753 1099 1837 adire,
1147 1775 1190 1821 a
1231 1753 1422 1821 nobis
1488 1754 1868 1843 „angehen“
1920 1752 2205 1841 dicitur;
2265 1753 2370 1821 ita
2410 1752 2623 1841 Apol-

446 1867 671 1938 lonius
702 1891 966 1959 quoque
1012 1892 1212 1959 saepe
1233 1870 1315 1956 (e.
1341 1893 1442 1958 gr.
1467 1871 1599 1955 111,
1629 1870 1781 1959 179)
1810 1869 1936 1939 illa
1975 1870 2255 1940 notione
2297 1894 2463 1939 usus
2495 1872 2619 1938 est.

625 1985 844 2055 Verbi
886 1992 1114 2055 autem
1144 1990 1423 2074 ἄντομαι
1455 1987 1924 2076 metaphoram
1969 1988 2249 2076 primus,
2297 1987 2476 2075 quod
2502 2010 2623 2055 nos

451 2101 718 2192 quidem
748 2102 1112 2188 videamus,
1147 2102 1551 2172 adhibuerat
1579 2103 2020 2192 Empedocles
2052 2104 2141 2172 fr.
2172 2104 2234 2189 4,
2259 2104 2402 2187 41),
2436 2104 2622 2171 cuius

450 2219 749 2307 vestigia
775 2219 1217 2309 Apollonium
1262 2228 1563 2289 secutum
1596 2243 1744 2289 esse
1776 2243 1985 2309 supra
2013 2220 2622 2289 demonstravimus

451 2335 541 2425 (p.
565 2336 669 2425 4);
715 2336 860 2425 ipse
884 2336 1063 2405 dixit
1090 2359 1145 2404 e.
1170 2360 1275 2426 gr.
1300 2337 1426 2423 IV,
1456 2337 1627 2406 1096
1652 2338 1742 2416 ὣς
1764 2336 1943 2424 ἔφατ’
1975 2337 2322 2423 ἀντομένη.
2369 2337 2626 2405 Eadem

451 2452 695 2521 deinde
728 2453 997 2522 ratione
1028 2454 1243 2522 tertio
1279 2477 1541 2543 quoque
1567 2456 1796 2539 verbo,
1837 2454 2104 2539 ἀντιάω,
2135 2452 2456 2542 precandi
2488 2454 2624 2542 sig-

450 2568 798 2638 nificatum
833 2570 964 2661 Ap.
1007 2571 1215 2640 dedit.
1296 2572 1715 2662 Quamquam
1766 2574 1993 2641 autem
2043 2596 2204 2642 usus
2256 2573 2618 2642 verborum

451 2688 731 2773 ἄντομαι
789 2692 863 2758 et
914 2689 1194 2771 ἀντιάζω
1239 2690 1414 2759 idem
1463 2689 1820 2779 permultis
1865 2690 2285 2778 tragicorum
2315 2690 2480 2759 locis
2513 2713 2620 2757 ex-

449 2807 616 2889 stat,
648 2807 877 2874 tamen
909 2807 1259 2896 quominus
1289 2806 1562 2875 illorum
1585 2807 2006 2876 auctoritate
2035 2815 2308 2895 poetam
2337 2806 2624 2875 adstric-

449 2923 597 2989 tum
645 2944 791 2991 esse
837 2922 1206 3008 credamus,
1254 2923 1718 2991 testimonium
1759 2924 2044 3013 impedit
2087 2923 2624 3012 Empedocleum.

451 3037 604 3121 Qua
665 3061 744 3107 re
810 3040 1089 3109 adducti
1133 3041 1285 3109 aliis
1333 3064 1597 3130 quoque
1639 3040 1807 3109 locis
1852 3041 1969 3108 ubi
2014 3040 2366 3129 Apollonii
2410 3062 2624 3108 sermo

450 3153 540 3221 ad
581 3153 918 3244 tragicum
961 3159 1324 3247 tantopere
1383 3156 1661 3242 accedit,
1730 3158 2006 3247 utrique
2065 3158 2324 3246 epicum
2366 3157 2627 3225 fontem

453 3275 757 3342 exstasse
790 3275 1044 3363 optimo
1073 3275 1224 3344 iure
1267 3276 1598 3363 ponimus,
1646 3275 1759 3359 sic,
1809 3277 1891 3342 ut
1918 3274 2292 3364 exemplum
2322 3275 2623 3358 afferam,
2659 3324 2664 3329 -

453 3390 514 3459 si
570 3415 763 3460 usum
819 3392 1013 3461 verbi
1069 3393 1341 3479 χάζομαι
1399 3392 1810 3482 respicimus.
1901 3391 2099 3474 Quod
2154 3414 2302 3459 cum
2361 3392 2623 3460 omnino

449 3509 645 3578 Hom.
693 3513 768 3578 et
811 3508 942 3599 Ap.
977 3509 1208 3578 eodem
1237 3509 1433 3578 modo
1462 3533 1587 3599 pro
1622 3532 1698 3577 eo
1732 3509 1912 3598 quod
1941 3512 2051 3578 est
2077 3508 2393 3578 recedere
2435 3531 2625 3577 usur-

449 3626 798 3715 paverint,
884 3626 1028 3696 sive
1095 3626 1406 3695 absolute
1474 3626 1729 3695 dictum
1797 3626 1886 3715 (E
1926 3627 2086 3713 '7023
2157 3626 2210 3710 Ι,
2258 3627 2412 3712 841)
2481 3625 2625 3695 sive

451 3766 599 3812 cum
643 3743 964 3832 genetivo
1011 3744 1438 3812 coniunctum
1483 3744 1579 3813 sit
1622 3745 1727 3832 (N
1749 3744 1906 3831 153;
1955 3743 2083 3826 ΠΙ,
2135 3742 2350 3830 1320),
2399 3746 2628 3811 tamen

450 3860 574 3945 IV,
622 3862 751 3929 190
807 3860 1036 3947 μηκέτι
1080 3871 1209 3929 νῦν
1253 3862 1535 3947 χάζεσθε
1582 3865 1773 3948 φίλοι
1816 3861 2152 3949 πάτρηνδε
2197 3859 2472 3927 νέεσθαι
2533 3859 2629 3927 sic

452 3978 1088 4067 interpretabimur:
1151 3978 1362 4046 nolite
1422 3978 1556 4047 iam
1616 3977 1942 4062 cunctari,
2005 3977 2166 4064 quin
2210 3975 2477 4044 domum
2519 3998 2629 4044 re-

453 4094 857 4183 vertamini3
905 4095 1000 4163 sic
1043 4099 1273 4164 autem
1314 4094 1601 4183 legimus
1648 4095 1813 4164 Eur.
1860 4094 1975 4163 Or.
2023 4093 2195 4161 1114
2239 4091 2345 4172 δὶς
2387 4100 2628 4160 θανεῖν

453 4215 536 4282 οὐ
579 4214 872 4300 χάζομαι.

626 4330 731 4399 At
786 4329 1229 4418 Euripideum
1257 4352 1646 4398 'sermonem
1708 4326 1937 4416 aliqua
1977 4326 2241 4395 ratione
2286 4326 2374 4393 ad
2418 4324 2627 4413 Apol-

456 4447 712 4518 lonium
749 4448 888 4520 vim
916 4447 1232 4516 habuisse
1264 4470 1347 4516 ex
1376 4470 1504 4526 usu
1532 4446 1729 4516 verbi
1755 4446 2151 4533 μνηστεύειν
2180 4441 2624 4533 cognoscitur.

2116 4563 2159 4629 3
2176 4565 2210 4603 *
