3178 5200
1769 388 1811 454 2

706 568 788 632 ut
831 561 1170 632 Rzachius
1216 561 1573 647 Hesiodea,
1622 561 1956 632 Maassius
1982 561 2249 631 Aratea
2264 561 2315 650 ι)
2359 561 2720 652 permulta,
2766 561 2894 631 alii

711 680 1038 750 nonnulla
1101 701 1184 749 ex
1247 679 1401 750 aliis
1465 679 1721 768 poetis:
1786 679 1923 766 111,
1973 680 2009 748 1
2075 679 2366 767 ἀνήγαγε
2427 691 2605 758 κῶας
2665 682 2891 767 Ιήσων

709 799 1018 884 Μηδείης
1060 797 1172 865 ὑπ’
1223 799 1417 883 ἔρωτι
1474 799 1745 886 sumpta
1790 818 1934 865 esse
1979 818 2064 863 ex
2107 795 2522 881 Mimnermo,
2569 794 2659 863 fr.
2687 795 2769 864 11
2795 795 2891 863 Β4

708 913 885 983 vidit
928 913 1286 982 Kaibelius
1312 912 1395 1001 2);
1462 912 1546 981 de
1591 912 1814 982 verbis
1861 935 2009 982 cum
2052 911 2315 982 Philita
2358 911 2887 1002 congruentibus

713 1031 860 1119 egit
882 1030 1274 1100 Knaackius
1297 1029 1369 1119 8),
1401 1053 1550 1099 cum
1572 1029 1909 1098 Phanocle
1933 1029 2336 1098 Leutschius
2350 1029 2421 1119 ⁴).
2472 1029 2688 1116 Quam
2715 1027 2886 1096 mul-

709 1150 790 1216 ta
825 1151 1053 1218 autem
1084 1171 1232 1218 cum
1264 1146 1646 1237 aequalium
1688 1146 2090 1216 carminibus
2124 1150 2523 1236 congruant,
2572 1145 2889 1236 cognosci

706 1268 940 1355 potest
969 1288 1055 1334 ex
1084 1265 1201 1350 eis,
1251 1287 1421 1355 quae
1454 1264 1789 1334 Gerckius
1820 1264 1893 1333 in
1920 1265 2091 1333 Mus.
2129 1264 2260 1334 Rh.
2291 1263 2527 1333 XLIV
2557 1287 2621 1355 p.
2647 1264 2771 1332 137
2795 1286 2885 1333 ss.

709 1382 1072 1471 congessit,
1122 1405 1206 1451 ex
1237 1383 1475 1471 quibus
1508 1405 1659 1450 cum
1688 1404 1824 1450 non
1855 1404 2119 1471 semper
2162 1381 2621 1472 perspiciatur
2665 1401 2886 1471 neque

715 1499 853 1568 ullo
898 1498 1094 1568 modo
1141 1520 1402 1589 semper
1445 1502 1636 1568 certo
1682 1499 1977 1590 perspici
2020 1522 2217 1588 posse
2248 1494 2587 1583 videatur,
2637 1520 2886 1567 ususue

714 1616 809 1685 sit
836 1615 1242 1707 Apollonius
1273 1616 1625 1686 Theocriti
1654 1620 1727 1685 et
1752 1615 2150 1686 Callimachi
2185 1616 2409 1686 verbis
2455 1638 2544 1685 an
2584 1615 2693 1685 illi
2736 1638 2887 1685 eum

711 1733 928 1805 secuti
972 1733 1130 1819 sint,
1194 1736 1424 1802 tamen
1484 1733 1879 1824 plerumque
1922 1733 2362 1823 Apollonium
2425 1732 2702 1803 illorum
2761 1732 2884 1801 mi-

704 1873 939 1920 norem
993 1854 1165 1920 natu
1219 1851 1551 1920 maiorum
1594 1851 1895 1939 vestigia
1959 1851 2287 1940 pressisse
2352 1850 2706 1942 probabile
2752 1853 2885 1932 est,

667 1968 813 2062 ,cui
884 1968 989 2036 rei
1065 1969 1343 2037 obstant
1410 1968 1882 2054 Callimachea,
1959 1968 2139 2058 quod
2216 1968 2522 2059 equidem
2595 1967 2881 2053 videam,

707 2085 1014 2176 exempla
1077 2085 1271 2153 nulla
1287 2084 1359 2174 ⁵),
1429 2088 1622 2154 certa
1665 2089 1895 2154 tamen
1937 2085 2359 2156 Theocritea.
2467 2084 2577 2155 Ex
2637 2106 2882 2175 magno

705 2206 934 2271 autem
998 2226 1271 2272 numero
1335 2225 1583 2290 eorum,
1653 2225 1825 2293 quae
1889 2199 2222 2272 Gerckius
2285 2202 2595 2288 contulit,
2663 2201 2883 2271 multa

703 2322 864 2387 sunt
907 2318 1246 2388 tollenda:
1302 2322 1375 2389 et
1421 2342 1517 2405 ea,
1569 2341 1741 2408 quae
1787 2342 1869 2388 ex
1916 2320 2245 2388 communi
2286 2319 2479 2388 fonte
2521 2318 2879 2387 Homerico

705 2439 859 2505 orta
901 2437 1069 2505 nihil
1113 2440 1550 2528 comprobare
1597 2444 1900 2526 possunt,
1967 2440 2041 2506 et
2087 2459 2183 2522 ea,
2246 2459 2419 2527 quae
2464 2436 2875 2506 recentiores

702 2576 787 2626 ex
830 2554 1196 2646 Apollonio
1257 2559 1711 2645 sumpserunt,
1774 2558 1857 2625 ut
1901 2554 2028 2634 ille.
2068 2554 2184 2644 qui
2228 2554 2571 2642 Ὀαριστύν
2616 2576 2877 2645 compo-

706 2672 864 2741 suit.
956 2673 1106 2757 Qua
1150 2673 1419 2742 ratione
1464 2673 1524 2741 si
1567 2677 2081 2762 perscrutamur
2141 2671 2407 2761 singula
2452 2694 2624 2762 quae
2668 2672 2879 2742 affert

705 2786 1037 2858 Gerckius
1063 2792 1276 2859 verba
1300 2789 1665 2859 Theocrito
1691 2788 2192 2880 Apollonioque
2223 2790 2612 2876 communia,
2651 2789 2876 2880 plera-

703 2929 832 2996 que
875 2906 1129 2978 habent
1159 2907 1467 2997 exempla
1494 2907 1876 2993 Homerica,
1922 2911 2192 2976 restant
2239 2908 2631 2976 ἰνδάλλοντο
2660 2907 2794 2995 Ap.
2816 2905 2874 2992 I,

706 3024 911 3109 12973
961 3023 1238 3094 Theocr.
1272 3031 1530 3110 Διοσκ.,
1575 3025 1693 3111 39;
1743 3027 2151 3112 βριθόμενος
2192 3024 2325 3111 ΙΠ,
2354 3025 2560 3111 1398,
2595 3023 2872 3094 Theocr.

704 3141 936 3228 Ἀίτης,
982 3142 1099 3227 333
1146 3146 1579 3231 μοχθίζοντες
1624 3142 1751 3226 IV,
1788 3142 1946 3228 1923
2000 3142 2277 3211 Theocr.
2327 3147 2508 3226 Θαλ.,
2537 3141 2656 3227 48;
2704 3162 2875 3230 quae

702 3258 916 3326 verba
944 3256 1242 3327 Homero
1275 3281 1539 3348 quoque
1582 3257 1851 3327 usitata
1894 3257 2102 3327 alium
2137 3258 2333 3327 modo
2366 3280 2610 3328 versus
2655 3256 2876 3326 locum

701 3375 943 3444 tenent
989 3396 1198 3465 eaque
1245 3375 1330 3446 de
1375 3397 1580 3446 causa
1622 3375 1904 3446 levioris
1951 3380 2112 3447 sunt
2153 3376 2494 3446 momenti.

885 3597 940 3668 l)
978 3595 1253 3653 addantur
1291 3597 1455 3654 liceat
1492 3598 1661 3654 haec:
1699 3600 1795 3655 Ar.
1835 3601 1940 3654 614
1979 3594 2338 3669 ἐπιγουνίδος
2374 3598 2537 3672 ἄχρις
2575 3623 2642 3648 ==

905 3701 1012 3769 Ap.
1049 3698 1147 3770 111,
1187 3701 1322 3769 8753
1362 3694 1672 3770 ἐπιρρήδην
1711 3704 1805 3757 Ar.
1849 3703 1966 3772 191,
2006 3704 2143 3771 2613
2180 3704 2285 3772 Ap.
2324 3700 2394 3770 Π,
2434 3703 2555 3770 640,
2592 3702 2697 3756 847
2716 3721 2730 3771 ;
2797 3761 2804 3768 ι

905 3803 1000 3856 Ar.
1043 3801 1181 3856 1152
1220 3807 1499 3872 χαροποῖο
1539 3800 1772 3872 σελήνης
1813 3829 1874 3846 ω
1915 3806 2019 3872 Ap.
2060 3804 2101 3872 1,
2144 3806 2283 3859 1280
2319 3800 2694 3874 χαροπὴ-ἠώς.

880 3903 939 3973 2)
975 3901 1160 3958 Herm.
1200 3904 1286 3974 22,
1326 3906 1447 3960 510.

875 4005 934 4076 3)
971 4003 1155 4061 Herm.
1195 4008 1281 4076 23,
1322 4008 1440 4062 136.

880 4106 939 4178 4)
974 4106 1116 4164 Phil.
1158 4110 1241 4178 12,
1282 4110 1369 4164 66.

877 4209 933 4280 5)
972 4214 1032 4265 at
1067 4209 1426 4282 comprobare
1464 4208 1736 4281 videntur,
1796 4224 1938 4279 quac
1997 4207 2161 4266 affert
2213 4209 2546 4283 Knaaokius,
2604 4210 2777 4268 P.-w.
2816 4228 2869 4283 p.

702 4311 803 4366 136
839 4310 934 4384 (11,
975 4311 1046 4384 1).
