3178 5200
1449 496 1536 564 45

402 666 670 758 legitur
700 670 895 740 Aret.
927 693 992 761 p.
1024 671 1157 739 310
1177 670 1266 739 Κ.
1354 670 1558 741 Haud
1589 670 1797 741 aliter
1826 694 1939 741 res
1972 693 2047 742 se
2076 671 2285 741 habet
2312 671 2384 739 in
2414 694 2575 741 voce

583 790 894 875 πλαδαω,
945 788 1042 874 II,
1088 787 1217 857 662
1284 791 1687 857 πλαδόωσαν
1754 787 2197 877 ἐπισχίζοντες
2258 791 2574 877 ἄρουραν.

396 905 515 974 Ab
561 904 984 995 Hippocrate
1041 905 1392 990 usitatum,
1453 906 1538 975 ab
1581 905 1970 975 Aristotele
2014 905 2076 974 h.
2108 927 2169 975 a.
2216 906 2277 990 3,
2310 905 2351 973 6
2395 906 2575 995 posi-

399 1025 552 1090 tum
596 1022 730 1111 Ap.
775 1022 848 1090 in
895 1046 1085 1091 suum
1127 1045 1320 1092 usum
1364 1022 1492 1091 hoc
1525 1025 1802 1092 verbum
1830 1021 2391 1107 transformavit;
2441 1043 2575 1111 qua

398 1139 520 1208 via
561 1137 754 1205 illum
800 1141 1069 1207 secutus
1115 1141 1222 1207 est
1265 1137 1630 1224 Nicander,
1676 1161 1732 1208 e.
1777 1160 1882 1226 gr.
1929 1137 2027 1207 th.
2073 1139 2204 1206 708
2248 1139 2458 1224 οὐρὸν
2488 1177 2575 1188 -

397 1255 806 1341 πλαδόωνί,
874 1257 1115 1345 postea
1175 1258 1404 1325 autem
1463 1253 1662 1323 Philo
1726 1253 2053 1323 adhibuit.
2162 1255 2431 1335 πλάδος,
2491 1253 2574 1323 de

399 1395 536 1461 quo
597 1373 925 1442 vocabulo
995 1372 1382 1442 derivatum
1444 1375 1584 1458 est,
1665 1371 2015 1441 invenitur
2081 1371 2261 1461 apud
2318 1371 2573 1462 Hippo-

398 1492 662 1558 cratem
740 1492 812 1558 et
874 1489 1246 1558 Aretaeum
1308 1513 1371 1579 p.
1419 1489 1504 1556 42
1523 1488 1632 1574 K;
1714 1491 2054 1574 πλαδαρός
2119 1488 2297 1556 idem
2365 1488 2574 1580 habet

395 1606 851 1695 Hippocrates
898 1609 972 1674 et
1019 1606 1422 1696 Apollonius
1468 1606 1608 1689 ΠΙ,
1657 1605 1846 1691 1398,
1896 1607 2116 1691 πλάδη
2162 1604 2439 1695 Emped.
2484 1605 2573 1673 fr.

401 1725 489 1790 75
511 1723 596 1808 D,
641 1724 747 1793 ita
774 1726 856 1791 ut
887 1746 1112 1793 omnes
1160 1723 1457 1793 eiusdem
1502 1722 1737 1812 stirpis
1785 1745 1982 1792 voces
2030 1723 2237 1792 etiam
2280 1721 2600 1792 eiusdem.

391 1841 612 1919 Ἰάδος
654 1841 866 1910 fuisse
911 1844 1377 1930 cognoscatur.

576 1960 918 2047 πλημύρω.
1011 1959 1135 2045 IV,
1181 1960 1312 2027 706
1377 1957 1592 2047 (συὸς)
1660 1954 1738 2044 ἦς
1802 1961 1898 2025 ἔτι
1961 1956 2152 2045 μαζοὶ
2224 1961 2575 2046 πλήμυρον

400 2078 627 2164 λοχίης
693 2075 765 2142 ἐκ
820 2077 1089 2163 νηδύος.
1221 2074 1426 2144 Cuius
1490 2075 1686 2144 verbi
1762 2074 2069 2164 exempla
2149 2076 2428 2144 exstant
2501 2075 2574 2141 in

400 2192 778 2282 Panyassis
857 2193 1290 2281 fragmentis,
1376 2193 1460 2261 fr.
1528 2194 1631 2278 12,
1682 2193 1766 2261 18
1795 2192 1864 2259 Κ
1930 2202 2022 2281 τῷ
2086 2209 2161 2260 σε
2222 2193 2348 2281 χρὴ
2395 2193 2574 2279 παρὰ

402 2308 578 2378 δαιτὶ
659 2311 1061 2396 δεδεγμένον
1144 2312 1428 2397 εὔφρονι
1512 2319 1715 2402 θυμῷ
1796 2308 2019 2378 πίνειν
2115 2308 2284 2396 μηδὲ
2337 2313 2575 2396 βορῆς

397 2428 847 2515 κεκορημένον
891 2429 1050 2514 ἠύτε
1094 2439 1275 2513 γῦπα
1318 2424 1525 2514 ἧσθαι
1579 2430 2044 2515 πλημύροντα,
2108 2426 2289 2517 apud
2329 2425 2571 2493 Archi-

395 2544 661 2615 lochum
713 2544 801 2614 fr.
856 2547 939 2615 97
964 2544 1060 2633 Β,
1137 2545 1629 2636 Hippocratem
1694 2569 1755 2636 p.
1813 2545 1961 2629 306,
2007 2544 2126 2631 55;
2188 2544 2335 2629 307,
2382 2543 2468 2611 28
2490 2541 2568 2611 F.

396 2662 675 2731 Pariter
748 2662 1033 2732 ionicam
1119 2663 1444 2752 originem
1531 2665 1928 2752 comprobat
2009 2685 2171 2731 usus
2260 2660 2572 2731 vocabuli

398 2783 748 2868 πλημυρίς,
815 2780 994 2870 quod
1060 2785 1339 2871 praeter
1392 2780 1758 2850 Homerum
1804 2780 1901 2868 (in
1930 2778 2273 2868 Odyssea;
2345 2805 2370 2845 ι
2413 2778 2569 2866 486)

400 2899 853 2968 adhibuerunt
941 2899 1104 2967 Hdt.
1165 2900 1227 2985 8,
1291 2900 1437 2984 129,
1511 2898 1738 2989 Hipp.,
1840 2896 2081 2966 Bacch.
2144 2898 2234 2965 fr.
2296 2897 2381 2964 35
2440 2894 2571 2981 BL,

408 3017 653 3086 Aesch.
705 3016 996 3106 Choeph.
1047 3018 1192 3102 186,
1239 3018 1400 3085 Eur.
1449 3016 1599 3086 Alc.
1635 3017 1780 3101 182,
1836 3015 2084 3101 Arist,
2131 3014 2571 3084 recentiores.

399 3134 707 3203 Verbum
749 3134 944 3203 illum
986 3137 1148 3224 post
1175 3134 1615 3224 Apollonium
1644 3157 1792 3202 cum
1831 3133 2030 3201 multi
2068 3136 2574 3223 usurpaverunt

400 3253 546 3318 tum
593 3250 801 3340 Orph.
849 3250 1024 3339 Arg.
1070 3254 1310 3320 auctor
1356 3254 1430 3320 et
1472 3251 1658 3319 Plut.
1704 3275 1870 3319 mor.
1918 3274 1983 3340 p.
2030 3251 2160 3318 320
2185 3250 2238 3319 C
2293 3251 2575 3317 λύκαινα

402 3369 846 3455 πλημύρουσα
907 3372 1065 3448 τοὺς
1129 3373 1423 3455 μαστοὺς
1491 3368 1758 3454 γάλακτι
1775 3418 1795 3453 ,
1870 3390 2066 3457 quem
2137 3367 2357 3436 locum
2428 3389 2576 3436 cum

399 3484 856 3573 Apolloniano
903 3485 1213 3555 conferas
1249 3486 1474 3557 velim.

573 3603 983 3690 τετρυμένος.
1044 3604 1102 3688 Ι,
1130 3604 1300 3671 1174
1331 3602 1693 3689 τετρυμένα
1738 3614 1897 3688 γυῖα
1940 3606 2250 3688 ἔκαμψεν.
2319 3602 2576 3672 Exstat

396 3720 524 3788 hoc
551 3720 985 3809 participium
1016 3719 1174 3789 Sim.
1207 3721 1297 3788 fr.
1327 3721 1472 3807 146,
1505 3721 1567 3806 3,
1613 3719 1780 3789 Hdt.
1812 3720 1870 3801 I,
1905 3720 2021 3805 22;
2069 3718 2168 3805 ΙΙ,
2203 3718 2349 3804 129,
2392 3718 2573 3787 Plat.

395 3836 577 3925 legg.
611 3838 670 3920 6,
705 3836 950 3923 761D;
1003 3838 1062 3922 7,
1110 3838 1239 3905 807
1260 3838 1339 3906 Β.

576 3954 878 4022 Verbum
939 3957 1219 4041 φατίζω,
1289 3977 1377 4022 an
1441 3954 1628 4023 inter
1686 3954 1906 4022 ionica
1966 3952 2402 4022 referendum
2459 3951 2573 4037 sit,

399 4070 689 4138 dubium.
733 4075 860 4139 est.
929 4071 986 4153 Ι,
1035 4072 1122 4138 24
1187 4075 1305 4138 τόν
1379 4072 1463 4159 ῥά
1530 4070 1668 4138 ποτ’
1732 4072 1899 4157 αὐτὴ
1944 4073 2291 4155 Καλλιόπη
2336 4071 2577 4156 Θρηίκι

401 4191 734 4272 φατίζεται
793 4189 1158 4274 εὐνηθεῖσα
1226 4230 1301 4239 -
1366 4188 1696 4272 τεκέσθαι,
1757 4188 1875 4256 ubi
1934 4190 2264 4275 φατίζεται
2322 4209 2445 4277 pro
2495 4208 2573 4254 eo

406 4304 586 4392 quod
630 4312 738 4373 est
784 4303 1052 4389 dicitur,
1121 4307 1315 4373 tenet
1345 4304 1528 4373 fama
1571 4303 1870 4393 positum
1913 4302 2228 4391 congruit
2270 4325 2422 4371 cum
2461 4324 2575 4372 ve-

406 4424 561 4490 tere
635 4444 798 4507 usu,
877 4421 1098 4511 qualis
1175 4421 1526 4492 invenitur
1603 4421 1783 4512 apud
1837 4418 2307 4489 Parmenidem
2365 4419 2453 4489 fr.
2512 4420 2575 4508 8,
