3178 5200
918 66 1033 78 ⁷—-—r
1056 70 1241 81 rl———d

1399 509 1485 576 53

316 671 647 752 omnibns·
686 683 885 757 'locis
944 704 1092 755 eam
1136 683 1272 754 vim
1312 686 1525 755 verbo
1569 682 1821 761 tribuit
1876 704 2001 774 per
2052 681 2519 774 metaphoram
2637 764 2641 768 ,

327 797 564 888 poeta,
614 823 821 892 quam
852 802 1112 872 Aratus
1159 823 1422 892 quoque
1462 801 1594 870 278
1638 802 1987 870 εὐδιόωντι
2032 803 2246 887 ποτὴν
2290 803 2522 890 ὄρνυθι

330 915 607 1006 ἐοικώς,
671 958 755 973 -
816 941 963 989 eam
1025 919 1192 1005 vim,
1272 941 1470 1008 quam
1542 918 1953 989 adjectivum
2028 919 2255 998 εὔδιος
2320 941 2521 1009 saepe

328 1038 575 1123 habet,
638 1059 693 1106 e.
756 1061 859 1127 gr.
903 1038 1103 1106 Arat.
1150 1036 1280 1105 850
1339 1038 1561 1116 εὔδιός
1627 1061 1701 1103 κε
1761 1035 2031 1125 φέροιτο
2052 1065 2074 1118 ;
2136 1036 2310 1126 (916,
2359 1037 2520 1124 9953

323 1156 483 1247 Ap.
542 1155 600 1242 Ι,
638 1155 812 1244 521).
930 1154 1218 1224 Accedit
1290 1155 1495 1223 mirus
1570 1154 1842 1244 quidam
1914 1176 2073 1222 usus
2167 1155 2521 1243 compositi

319 1274 675 1342 ἐνευδιάω
688 1323 708 1359 ,
776 1272 867 1358 II,
916 1272 1044 1340 935
1106 1277 1335 1360 κίρκος
1379 1310 1462 1322 -
1508 1273 1893 1359 εὐκήλοισιν
1950 1271 2313 1340 ἐνευδιόων
2371 1295 2521 1340 πτε-

314 1393 689 1479 ρύγεσσιν.
768 1390 1005 1480 Neque
1048 1392 1276 1458 tamen
1317 1389 1492 1458 talia
1536 1388 1900 1479 Apollonio
1948 1396 2107 1458 sunt
2150 1389 2516 1477 inusitata3
2545 1440 2550 1445 ·

312 1530 399 1578 ο.
450 1530 554 1596 gr.
612 1507 667 1595 Ι,
715 1508 845 1576 669
914 1508 1246 1598 ῥικνοῖσιν
1318 1506 1759 1588 ἐπισκάζουσα
1826 1508 2182 1595 πόδεσσιν;
2257 1507 2383 1592 IV,
2431 1508 2517 1576 35

310 1626 655 1712 ἀφνειοῖο
701 1627 1160 1693 διειλυσθεῖσα
1205 1627 1461 1711 δόμοιο.
1572 1646 1577 1650 ·

529 1772 740 1843 Verbi
769 1773 1015 1840 εὐδιάω
1045 1794 1240 1839 usum
1267 1770 1522 1840 imitati
1552 1776 1712 1841 sunt
1735 1770 2043 1861 Oppiani,
2066 1768 2221 1838 Hal.
2243 1770 2513 1858 111,58;

315 1889 520 1983 Cyn.
552 1889 611 1976 Ι,
646 1889 762 1977 13;
809 1890 882 1958 in
924 1889 1226 1980 pedestri
1271 1911 1576 1959 sermone
1607 1890 1989 1975 εὐδιάζομαι
2020 1891 2251 1958 exstat
2282 1886 2515 1979 [Plat.]

310 2006 627 2077 Axioch.
673 2006 805 2075 370
826 2007 913 2076 D.

521 2152 1089 2238 Quemadmodum
1123 2157 1353 2223 autem
1394 2157 1640 2245 poetae
1683 2153 1856 2247 epici
1897 2152 2095 2221 huius
2125 2153 2309 2221 modi
2336 2153 2514 2223 voci-

315 2274 469 2339 bus
513 2269 843 2339 novandis
875 2270 964 2338 ad
993 2271 1390 2340 Homericae
1420 2270 1819 2339 elocutionis
1858 2271 2151 2343 colorem
2195 2270 2514 2341 accedere

320 2387 752 2475 studuerint,
800 2410 884 2457 ex
914 2410 991 2455 eo
1024 2388 1335 2479 cognosci
1377 2391 1627 2479 potest,
1674 2388 1855 2477 quod
1882 2388 2142 2456 Aratus
2188 2387 2334 2457 tria
2377 2388 2514 2456 alia

316 2502 508 2571 talis
554 2502 734 2571 modi
778 2506 990 2572 verba
1047 2503 1273 2574 finxit:
1335 2505 1461 2573 333
1509 2503 1825 2592 φυταλιαὶ
1869 2542 1955 2553 -
1998 2503 2286 2575 ἀναλδέα
2342 2509 2508 2588 φυλ-

318 2624 637 2706 λιόωσαι,
682 2622 812 2694 789
857 2624 1198 2691 ὑπτιόωσα
1242 2622 1397 2712 (795
1441 2622 1801 2711 ὑπτιάῃσι),
1850 2623 2029 2716 quod
2072 2625 2352 2693 verbum
2393 2645 2509 2712 po-

319 2738 549 2806 situm
611 2741 719 2806 est
777 2761 904 2832 pro
967 2739 1271 2828 vulgari,
1350 2739 1469 2809 sed
1530 2742 1750 2809 metro
1814 2742 2239 2830 repugnante
2302 2742 2507 2810 verbo

317 2855 659 2941 ὑπτιάζω;
729 2856 857 2924 331
905 2857 979 2935 ὅς
1022 2858 1106 2945 ’ῥα
1164 2858 1446 2941 μάλιστα
1485 2857 1496 2945 Ι
1536 2857 1687 2938 ὀξέα
1744 2858 2056 2946 ostenden
2119 2856 2349 2944 (aliam
2392 2878 2506 2923 no-

314 2971 592 3040 tionem
633 2971 842 3042 habet
885 2972 1048 3040 haec
1091 2993 1226 3042 vox
1270 2972 1451 3066 apud
1492 2972 1836 3060 medicos).

513 3089 645 3156 294
686 3093 833 3157 τότε
878 3090 953 3157 δὲ
995 3092 1202 3179 κρύος
1244 3089 1317 3158 ἐκ
1361 3093 1529 3169 Διός
1572 3089 1756 3158 ἐστιν

510 3207 724 3295 ναύτῃ
768 3209 1168 3293 μαλκιόωντι
1211 3209 1609 3293 κακώτατον,
1672 3214 1872 3294 „tune
1929 3210 2160 3280 autem
2202 3208 2507 3296 algorem

313 3322 647 3412 torpenti
716 3325 969 3392 nautae
1044 3324 1091 3392 J
1090 3323 1366 3413 uppiter
1449 3323 1671 3392 mittit
1745 3323 2168 3412 pessimum“.
2290 3325 2507 3414 Quam

310 3461 568 3507 vocem
612 3439 844 3507 eodem
889 3462 1123 3508 versus
1167 3440 1315 3509 loco
1351 3440 1509 3509 Hes.
1546 3463 1649 3535 op.
1682 3442 1813 3508 530
1858 3440 2210 3509 Cratetem
2253 3440 2506 3529 legisse

304 3555 662 3641 traditur,
731 3555 846 3623 ubi
888 3559 1118 3626 tamen
1162 3557 1461 3629 codicum
1505 3559 1908 3649 scripturam
1951 3561 2356 3648 μυλιόωντες
2398 3581 2503 3626 re-

300 3675 657 3761 ceperunt
724 3671 1055 3761 editores3
1123 3674 1303 3766 quod
1367 3698 1513 3742 cum
1572 3675 1677 3745 ita
1736 3676 1850 3761 sit,
1910 3674 2170 3746 Aratus
2216 3698 2500 3764 quoque,

295 3782 617 3860 Hesiodi
658 3789 989 3874 imitator,
1035 3790 1224 3858 illam
1266 3791 1556 3860 formam
1598 3778 1849 3881 legisse
1892 3792 2225 3864 videatur.

505 3964 609 4038 At
674 3964 1126 4034 Callimachus
1187 3968 1447 4036 nullum
1520 3969 1765 4037 talium
1833 3972 2194 4040 verborum
2252 3991 2502 4038 novum

291 4085 615 4173 praebet
672 4084 1074 4174 exemplum3
1134 4107 1292 4153 nam
1352 4086 1530 4176 quod
1575 4089 1857 4155 verbum
1916 4087 2145 4177 posuit
2189 4087 2324 4172 ΙΙΙ,
2374 4087 2495 4154 161

295 4199 767 4288 ἄροτριόωντι
832 4206 1192 4288 συνήντετο
1257 4206 1734 4291 Θειοδάμαντι,
1802 4205 1937 4276 iam
1993 4205 2497 4294 Theophrastus
2579 4259 2583 4263 .

292 4322 803 4405 usurpaverat.
885 4318 1019 4388 Sed
1048 4319 1228 4409 apud
1258 4322 1676 4411 posteriores
1720 4322 1918 4399 huius
1964 4323 2254 4398 rationis
2299 4345 2497 4398 voces

290 4432 624 4503 usitatas
700 4457 846 4504 esse
900 4434 1371 4508 demonstrare
1443 4441 1681 4529 potest
1751 4440 2053 4514 auctoris
2121 4439 2514 4531 Cynegetim
