3178 5200
1413 409 1456 476 5

322 602 495 651 esse.
613 582 727 652 De
792 581 1184 652 Antimachi
1248 585 1475 652 autem
1558 583 1746 668 arte,
1833 605 2241 674 quamquam
2305 585 2418 655 vel
2479 607 2525 655 a

321 699 634 769 Platone
716 703 1030 792 probata,
1100 724 1225 770 nos
1298 701 1565 791 quidem
1634 724 1781 771 cum
1837 724 2053 792 pauca
2120 723 2522 792 cognoscere

320 817 710 906 possimus,
813 817 939 886 hoc
1037 818 1390 907 proprium
1473 818 1867 887 Antimmhi
1956 842 2100 888 esse
2196 819 2519 908 videmus,

322 935 513 1023 quod
562 934 981 1004 creberrime
1024 957 1262 1005 versus
1325 935 1718 1025 spondiacos
1763 937 1975 1025 ponit,
2039 937 2144 1006 ita
2186 941 2269 1005 ut
2311 962 2366 1007 e.
2413 960 2518 1026 gr.

324 1073 413 1118 ex
480 1051 786 1141 quinque
845 1051 1151 1122 versibus
1196 1053 1285 1120 fr.
1334 1053 1531 1124 19l20
1572 1055 1919 1151 quattuor·
1965 1055 2104 1122 sint.
2169 1055 2520 1122 σπονδειά-

324 1173 595 1257 ζοντεςς
648 1171 816 1258 quot
860 1172 1088 1237 autem
1131 1169 1264 1258 Ap.
1297 1170 1623 1238 eiusmodi
1652 1192 1890 1238 versus
1936 1169 2322 1238 adhibuerit
2366 1193 2521 1239 con-

327 1287 500 1355 stat.
597 1286 710 1353 Ex
752 1285 1162 1355 Antimacho
1209 1286 1451 1355 deinde
1497 1287 1913 1376 singularem
1956 1287 2150 1354 illum
2191 1286 2520 1378 particuli

320 1405 553 1489 τόφρα
623 1426 818 1471 usum
881 1402 1245 1472 relativum
1306 1404 1670 1493 sumpsisse
1712 1403 2038 1474 videntur
2096 1404 2518 1475 recentiores

319 1522 608 1608 poetae,
676 1519 862 1588 cuius
931 1520 1236 1609 exempla
1298 1521 1478 1610 apud
1520 1520 1960 1610 Apollonium
2026 1524 2303 1591 exstant
2352 1522 2516 1611 duo;

323 1635 463 1723 III,
514 1637 656 1704 808
701 1638 837 1704 ἵετο
884 1637 944 1704 δ’
991 1640 1034 1723 ἥ
1077 1662 1153 1723 γε
1170 1636 1514 1727 Ῐφᾶρμακα
1558 1638 1877 1719 λέξασθαι
1923 1643 2366 1727 θυμοφθόρα,
2412 1642 2518 1707 τό-

327 1780 473 1844 φρα
518 1756 810 1822 πάσαιτο
830 1780 846 1841 ;
892 1754 1018 1839 IV,
1054 1756 1225 1824 1487
1270 1756 1307 1822 ὅ
1354 1755 1413 1823 σ’
1463 1755 1593 1823 ἐῶν
1637 1760 1872 1842 μήλων
1916 1756 2091 1845 πέρι,
2133 1757 2326 1847 τόφρ’
2378 1757 2515 1824 ἑτά-

330 1889 563 1957 ροισιν
636 1870 1027 1958 δευομένοις
1104 1874 1464 1959 κομίσειας,
1528 1910 1617 1921 —-
1679 1873 2098 1959 κατέπεφνεν
2142 1873 2254 1961 (cf.
2300 1872 2387 1942 A.
2437 1873 2515 1941 P.

327 1986 456 2073 IX,
483 1987 638 2073 242,
665 1989 707 2054 7
750 1988 945 2074 τόφρ’
994 1990 1030 2056 ὁ
1075 1988 1680 2078 γεραιὸςΙπλώσῃ).
1752 1988 2008 2058 Eodem
2054 1991 2230 2059 enim
2273 2013 2513 2061 versus

328 2102 481 2173 loco
530 2103 983 2173 Antimachus
1033 2104 1126 2173 fr.
1174 2106 1216 2172 3
1258 2129 1381 2195 pro
1429 2109 1609 2195 ὄφρα
1647 2106 1880 2195 posuit.
1925 2110 2176 2195 τόφρα;

554 2223 802 2309 ἄντρον
847 2220 949 2290 ἐνὶ
995 2225 1221 2290 σκιόεν
1244 2224 1292 2307 ¹)
1335 2228 1727 2310 τευμήσατο,
1771 2226 1992 2311 τόφρα
2033 2250 2151 2291 κεν
2196 2227 2317 2312 εἴη.

513 2338 682 2407 Ant.
728 2338 814 2407 fr.
862 2339 947 2407 35
1010 2340 1084 2408 et
1145 2339 1279 2429 Ap.
1326 2340 1380 2425 Ι,
1434 2340 1625 2426 1235,
1693 2339 1830 2425 ΙΠ,
1878 2341 2026 2426 238,
2079 2341 2251 2410 1160
2312 2342 2512 2411 initio

330 2477 575 2526 versus
622 2478 757 2524 vox
799 2455 1022 2543 λέχρις
1083 2456 1357 2544 legitur,
1422 2478 1597 2547 quae
1659 2480 1807 2526 cum
1861 2480 2192 2548 nusquam
2234 2460 2364 2527 nisi
2406 2459 2512 2529 his

329 2572 503 2644 locis
551 2574 797 2660 exstet,
860 2596 944 2643 ex
987 2573 1381 2644 Antimachi
1436 2574 1820 2665 glossarum
1865 2576 2060 2666 copia
2103 2576 2191 2645 ad
2232 2575 2513 2667 Apollo-

328 2692 522 2759 nium
566 2690 834 2760 venisse
877 2691 1175 2776 videtur,
1222 2692 1403 2760 haud
1449 2693 1656 2762 aliter
1704 2716 1784 2761 ac
1813 2717 1946 2762 vox
1991 2696 2294 2780 ἔδεθλον,
2341 2717 2513 2785 quae

329 2812 411 2878 et.
452 2807 585 2896 Ap.
631 2808 758 2894 IV,
805 2809 930 2877 331
979 2813 1055 2878 et
1097 2809 1355 2878 Antim.
1401 2810 1485 2878 fr.
1532 2811 1620 2879 28
1663 2833 1931 2880 versum
1995 2812 2362 2900 concludit3
2430 2836 2513 2882 ex

331 2925 744 2995 Antimacho
789 2926 1150 3016 Lycophro
1196 2951 1458 3017 quoque
1516 2928 1688 2997 hanc
1733 2952 1965 2999 vocem
2010 2929 2369 3019 sumpsisse
2414 2930 2511 2999 vi·

333 3043 556 3127 detur,
603 3044 720 3133 qui
761 3044 900 3113 alia
942 3066 1206 3134 quoque
1249 3044 1576 3113 nonnulla
1620 3045 1728 3113 iffi
1773 3045 1977 3115 debet
1994 3046 2063 3134 ²).

516 3159 845 3229 Veterum
889 3160 1258 3249 lyricorum
1302 3162 1603 3250 vestigia
1646 3164 1836 3232 nulla
1879 3164 2027 3233 fere
2042 3163 2111 3252 ⁸),
2159 3164 2339 3254 quod
2383 3188 2509 3234 nos

335 3276 620 3366 quidem,
689 3278 929 3367 quibus
989 3281 1133 3347 tam
1195 3279 1392 3368 pauci
1453 3279 1725 3348 illorum
1772 3303 2006 3351 versus
2055 3281 2305 3350 traditi
2369 3283 2511 3350 sint

274 3605 279 3610 ὓ
519 3529 576 3600 1)
613 3526 804 3584 σκιόεν
841 3544 1004 3600 quam
1041 3531 1382 3600 postulamus
1409 3532 1737 3588 sententiam
1761 3532 2021 3603 praebet3
2059 3530 2145 3589 ἐνὶ
2170 3548 2292 3589 cum
2316 3534 2511 3604 τευμή-

334 3648 469 3687 σατο
509 3630 961 3701 coniungendam.

513 3732 572 3804 2)
608 3731 667 3788 id
705 3731 852 3801 quod
888 3748 956 3788 ex
993 3733 1239 3789 Scheerii
1273 3734 1453 3791 indice
1488 3736 1656 3791 facile
1693 3736 2054 3806 cognoscitur.

512 3836 571 3905 3)
607 3833 716 3890 duo
753 3835 843 3890 hic
880 3835 1129 3905 exempla
1166 3835 1464 3906 adscripsit
1499 3837 1564 3893 Gr.
1595 3837 1841 3908 Schulze,
1881 3854 2111 3908 quorum
2146 3854 2312 3893 unum
2349 3839 2508 3910 (Sap-

332 3928 442 4005 pho
493 3938 564 3991 54
618 3937 829 4006 Bergk*
882 3961 945 3979 ev
1002 3937 1045 4006 1,
1083 3938 1213 4009 538)
1281 3938 1632 3994 manifestam
1702 3939 2044 3995 demonstrat
2129 3940 2506 4009 imitationem,

333 4037 569 4093 alterum
605 4036 800 4108 (Alcm.
840 4042 872 4093 7
911 4036 950 4091 ἀ
985 4037 1168 4107 λίγεια
1206 4036 1434 4108 Σειρήν,
1472 4040 1566 4108 IV,
1589 4042 1695 4096 892
1732 4040 1937 4110 λίγειαι
1975 4042 2283 4112 Σειρῆνες),
2321 4057 2506 4110 quam-

335 4153 498 4207 quam
540 4137 679 4195 alias
716 4138 937 4194 Sirenes
974 4139 1080 4194 hoc
1117 4139 1401 4210 epitheton
1437 4156 1549 4196 non
1586 4140 1809 4211 habent,
1847 4142 2071 4197 levioris
2109 4147 2196 4197 est
2231 4143 2505 4213 momenti,

335 4238 467 4308 quia
497 4238 649 4294 haud
684 4239 799 4295 scio
837 4256 910 4296 an
949 4255 1083 4296 casu
1120 4240 1317 4296 effecta
1365 4241 1441 4296 sit
1489 4241 1822 4313 similitud03
1878 4242 2052 4314 (apud
2088 4243 2506 4314 Lycophronem
2558 4243 2567 4249 “

331 4343 436 4396 726
471 4342 672 4412 Αίγεια
707 4356 820 4398 una
856 4357 925 4398 ex
961 4341 1244 4399 Sirenibus
1283 4343 1643 4416 appellatur).
