3178 5200
1665 345 1750 411 38

619 520 772 588 fata
827 519 1104 606 eligant,
1174 517 1696 608 praeferamus“.
1800 516 2080 586 Pariter
2139 516 2307 584 haee
2367 538 2499 584 vox
2561 516 2791 606 posita

622 638 730 703 est
761 636 823 702 h.
858 635 1056 702 Mero.
1083 635 1212 701 474
1258 633 1362 701 σοὶ
1389 635 1445 700 δ’
1474 633 1883 720 αὐτάγρετόν
1927 633 2065 701 ἐστι
2113 635 2434 720 δαήμεναι
2481 636 2554 702 et
2606 634 2787 724 apud

622 753 1059 842 Apollonium
1101 751 1320 840 ipsum
1365 751 1457 834 Π,
1504 751 1653 818 326.
1756 749 1963 840 Apud
2009 750 2377 818 Homerum
2420 749 2550 821 hoe
2598 773 2798 820 voca.-

631 872 862 939 bulum
920 871 1103 938 inter
1160 869 1458 957 vestigia
1516 868 1810 937 aeolicae
1869 867 2148 937 dialecti
2201 868 2629 938 referendum
2674 873 2800 956 est,

628 1011 775 1056 oum
819 986 1085 1056 Aeolici
1141 1010 1270 1074 pro
1316 989 1522 1054 verbo
1584 986 1783 1073 αἰρέω
1844 1008 2107 1074 semper
2167 985 2404 1074 ἀγρέω,
2463 1008 2674 1076 eaque
2719 987 2801 1055 de

626 1126 830 1174 causa
872 1127 999 1192 pro
1045 1103 1347 1190 αἱρέομαι
1393 1105 1684 1188 ἄγρημαι
1738 1082 2255 1191 usui-paterium
2315 1125 2371 1170 e.
2418 1125 2523 1191 gr.
2572 1103 2800 1192 (coll.-

621 1221 860 1290 Becht.
919 1221 1073 1306 214)
1135 1219 1372 1287 Solms.
1423 1219 1640 1286 Inscr.
1690 1217 1816 1285 Gr.
1862 1243 1927 1307 p.
1978 1219 2082 1298 11,
2128 1219 2213 1286 33
2278 1222 2347 1287 οἰ
2400 1219 2799 1307 ἀγρέθεντες

625 1340 870 1425 ἄνδρες
915 1336 1247 1424 φέροντον
1294 1335 1399 1402 ε’πὶ
1447 1338 1565 1403 τὸν
1612 1338 1842 1421 δᾶμον.

803 1457 1139 1540 δημόθενε
1187 1453 1242 1536 Ι,
1290 1455 1331 1519 7
1378 1452 1631 1539 ἀνέρος,
1681 1453 1879 1520 ὅντιν’
1934 1454 2144 1521 ἴδοιτο
2184 1453 2195 1541 Ι
2235 1455 2539 1540 δημόθεν
2583 1454 2797 1523 οἰοπέ-

628 1574 820 1639 διλον
883 1573 956 1638 et
999 1595 1035 1638 τ
1081 1571 1205 1637 197
1268 1572 1568 1656 δημόθεν
1628 1571 1875 1656 ἄλφιτα
1934 1572 2114 1637 δῶκα
2179 1571 2241 1638 si
2301 1570 2632 1659 conferes,
2694 1571 2805 1640 hio

627 1711 889 1777 quoque
934 1686 1221 1755 similem
1265 1688 1833 1775 permutationem
1878 1686 2205 1756 invenies.

670 1876 676 1881 ,
799 1805 925 1889 IV,
960 1806 1086 1871 153
1145 1816 1320 1890 κῦμα
1382 1804 1592 1890 μέλαν
1649 1807 1885 1892 κωφόν
1943 1829 2014 1872 τε
2069 1803 2178 1872 καὶ
2241 1807 2559 1893 ἄβρομον.
2648 1806 2804 1875 Non

629 1921 929 1990 dubitari
954 1924 1204 2010 potest,
1253 1920 1415 2010 quin
1458 1944 1582 2010 pro
1615 1923 1961 2008 ἄβρομον,
2011 1921 2135 1988 οὐκ
2180 1924 2335 2010 ἔχον
2378 1925 2635 2010 βρόμον
2681 1923 2805 1991 hoe

625 2040 774 2107 loco
820 2039 1208 2127 accipienda
1254 2039 1347 2106 sit
1390 2038 1556 2106 haec
1619 2062 1772 2125 vox,
1832 2037 2010 2106 unde
2074 2039 2401 2128 sequitur,
2465 2041 2547 2108 ut
2588 2040 2801 2130 Apol-

627 2156 881 2223 lonium
925 2161 1003 2222 N
1035 2156 1119 2223 41
1169 2159 1420 2241 ἄμοτον
1481 2168 1821 2242 μεμαῶτες
1882 2155 2124 2224 ἕποντο
2188 2158 2473 2244 ἄβρομοι
2539 2159 2801 2244 αὐίαχοι

630 2274 906 2341 eandem
948 2273 1022 2340 in
1064 2276 1332 2361 partem
1377 2272 1740 2360 sumpsisse
1785 2272 2135 2340 credamus
2158 2272 2225 2361 1).

802 2389 929 2474 IV,
952 2389 1123 2456 1395
1168 2390 1250 2456 οὐ
1297 2389 1354 2455 δ’
1405 2389 1737 2474 ἐμάτησαν
1782 2391 2182 2475 πλαζόμενοι
2235 2411 2486 2478 „neque
2532 2389 2805 2459 frustra

627 2507 866 2595 vagati
913 2509 1134 2574 sunt“.
1227 2505 1359 2574 Sed
1422 2529 1570 2575 cum
1625 2511 1700 2572 Ψ
1734 2506 1865 2574 510
1927 2505 2087 2575 οὐδὲ
2153 2507 2445 2593 μάτησεν
2512 2509 2812 2597 ἴφθιμος,

628 2625 993 2710 Σθένελος,
1041 2624 1182 2691 ἀλλ’
1233 2623 1613 2710 ἐσσυμένως
1643 2625 1793 2710 λάβ’
1833 2627 2087 2690 ἄεθλον
2136 2624 2473 2713 significet
2513 2626 2804 2713 μάτησεν

630 2742 808 2810 idem
875 2764 954 2810 ae
1022 2745 1378 2809 cunctatus
1441 2745 1567 2826 est,
1643 2740 2082 2829 ApoHonium
2140 2741 2557 2810 auctoritate
2623 2743 2804 2812 vocis

628 2860 926 2928 usitatae
958 2861 1171 2945 μάτην
1201 2859 1562 2927 adductum
1595 2859 1784 2927 illam
1813 2861 2024 2927 verbo
2054 2859 2400 2928 notionem
2445 2859 2804 2929 subiecisse

632 2978 1081 3065 intellegitur.

805 3096 942 3179 III,
976 3095 1142 3162 1171
1191 3093 1331 3161 ἐπεὶ
1375 3094 1633 3181 κνέφας
1678 3097 1928 3181 ἔργαθε
1973 3098 2218 3176 νυκτός
2267 3118 2454 3182 „cum
2513 3118 2646 3164 nox
2692 3118 2804 3165 eos

633 3213 970 3281 retineret
1033 3212 1411 3300 (quominus
1475 3212 1714 3280 statim
1771 3211 2230 3299 mitterent)“;
2314 3193 2508 3280 Hom.
2576 3215 2804 3281 autem

629 3353 795 3400 voce
843 3334 1133 3417 ἔργαθεν
1178 3329 1386 3397 aliter
1431 3353 1594 3397 usus
1641 3333 1781 3397 est:
1829 3334 1892 3395 A
1937 3330 2067 3396 437
2112 3330 2245 3398 ἀπὸ
2289 3335 2599 3416 πλευρῶν
2642 3333 2807 3417 χρόα

631 3450 957 3531 ἔργαθενς
1005 3453 1070 3513 Ε
1090 3446 1213 3512 147
1249 3446 1378 3512 ἀπὸ
1411 3446 1470 3512 δ’
1506 3446 1786 3534 αὐχένος
1816 3443 1999 3532 ὦμον
2030 3446 2384 3534 ἐέργαθεν;
2431 3468 2589 3514 nam
2615 3450 2805 3515 utro-

632 3586 763 3653 que
804 3564 952 3631 loeo
1001 3562 1252 3630 dieitur
1285 3563 1368 3631 de
1399 3563 1540 3631 telo
1571 3565 1866 3631 membra
1913 3567 2277 3652 separante
2325 3567 2397 3632 et
2441 3564 2806 3634 scindente.

630 3680 1068 3748 Manifestum
1132 3680 1347 3768 igitur
1407 3702 1550 3748 esse
1596 3680 1871 3749 videtur
1901 3703 2076 3766 uvoce
2122 3683 2373 3768 εἴργειν
2415 3680 2611 3749 illum
2655 3681 2808 3750 huie

631 3796 888 3865 aoristo
934 3796 1385 3886 significatum
1432 3799 1668 3866 datum
1714 3820 1877 3866 esse.

813 3976 866 4046 1)
906 3976 1005 4043 Qu.
1047 3976 1154 4030 Sm.
1193 3976 1342 4045 XIII,
1383 3981 1452 4033 67
1472 3993 1558 4032 ss:
1601 3972 1658 4038 ἐς
1681 3974 1855 4032 Ἴλιον
1894 3972 2186 4032 ἐσσεύοντο

943 4075 1295 4149 ἄβρομοι,
1331 4076 1466 4146 ἠύτε
1502 4082 1650 4148 μῆλα
1686 4077 1821 4132 ποτὶ
1858 4078 2117 4148 σταθμὸν
2155 4078 2426 4133 ἀίσσοντα

945 4172 1007 4232 ἐκ
1050 4187 1225 4249 νομοῦ
1262 4177 1528 4246 ὑλήεντος
1565 4177 1854 4248 ὀπωρινὴν
1890 4180 2003 4234 ὑπὸ
2042 4178 2248 4235 νύκτα·

942 4276 1015 4341 ὣς
1052 4280 1118 4335 οἵ
1146 4282 1195 4350 y’
1233 4280 1546 4351 αὐίαχοι
1588 4279 1797 4349 Τρώων
1832 4279 1966 4336 ποτὶ
2001 4280 2141 4336 ἄστυ
2179 4277 2392 4337 νέοντο.
