3178 5200
1385 451 1472 519 43

430 629 673 716 ἰχνεύω
716 627 776 713 Ι,
820 627 971 695 279.

428 747 652 833 κρούω
696 745 832 831 111,
885 744 1072 830 1260,
1122 743 1325 829 1309;
1396 743 1747 829 ἀνακρούω
1793 741 1849 827 Ι,
1897 740 2102 829 1247,
2149 738 2272 824 IV,
2325 738 2515 808 1650.

430 867 668 945 νοτίζω
714 862 775 947 Ι,
824 861 1015 930 1005.

430 982 741 1067 ξενόομαι
803 978 925 1066 (Π,
973 979 1103 1047 764
1147 975 1633 1064 ἐπεξεινοῦντο)
1675 976 1733 1061 Ι,
1778 977 1941 1045 849:
2009 973 2121 1043 καὶ
2167 974 2226 1042 δ’
2275 976 2521 1054 αὐτοὺς

605 1099 995 1180 ξεινοῦσθαι
1041 1094 1151 1163 ἐπὶ
1193 1095 1368 1184 σφέα
1414 1094 1652 1181 δώματ’
1701 1097 2020 1181 ἄγεσκον,
2065 1093 2202 1182 Ap.
2247 1094 2519 1161 secutus
2641 1128 2647 1133 -

605 1218 713 1284 est
757 1236 947 1282 usum
990 1211 1446 1300 Aeschyleum
1491 1211 1725 1301 Suppl.
1758 1209 1886 1280 927
1921 1211 2003 1278 οὐ
2033 1211 2160 1297 γὰρ
2205 1210 2520 1296 ξενοῦμαι

602 1335 762 1412 τοὺς
807 1338 993 1399 θεῶν
1039 1332 1427 1417 συλήτορας.

428 1451 715 1538 ὀργιᾶζω
759 1448 855 1536 ΙΙ,
903 1447 1050 1516 907.

428 1565 824 1655 παρηγορέω
871 1565 1008 1656 Ap.
1054 1564 1479 1655 frequentat.

428 1688 603 1772 πρίω
648 1682 774 1768 IV,
826 1683 1020 1753 1671.

428 1778 654 1871 σθένω
700 1801 958 1870 crebro.

427 1923 687 2007 σπαίρω
735 1918 863 2004 IV,
909 1918 995 1986 87
998 1918 1062 1986 4.

428 2037 739 2124 στράπτω
783 2034 840 2121 Ι,
888 2036 1038 2119 544,
1084 2033 1217 2120 ΙΠ,
1268 2033 1469 2122 1216;
1517 2034 1592 2103 vi
1637 2033 2012 2104 transitiva
2055 2032 2188 2120 III,
2241 2034 2428 2102 1018.

426 2153 734 2242 σφρινάω
777 2152 910 2235 111,
956 2153 1131 2221 1258
1173 2152 1393 2221 forma
1437 2150 1629 2241 epica
1677 2153 2120 2239 σφριγόωσαι.

426 2270 641 2356 τέγγω
689 2270 745 2355 Ι,
795 2270 923 2339 555
971 2268 1059 2338 al.

424 2389 732 2475 τρηχύνω
817 2387 944 2471 IV,
991 2386 1122 2455 768
1166 2385 1395 2475 (Atat.
1443 2384 1620 2473 276).

427 2506 620 2592 τύφω
665 2504 723 2589 1,
773 2505 900 2572 134
945 2503 1035 2572 al.

431 2623 844 2711 φαντάζομαι
887 2622 1014 2708 IV,
1064 2622 1253 2691 1285.

429 2743 763 2827 φοινίσσω
807 2738 937 2824 ΠΙ,
986 2739 1132 2808 724.

427 2860 618 2944 ψήχω
663 2856 787 2942 IV,
834 2857 963 2924 164
1007 2857 1215 2944 (Xen;
1263 2854 1518 2947 Hipp.).

429 2975 729 3061 ὠρύομαι
772 2973 897 3059 IV,
927 2974 1094 3043 1339
1143 2973 1341 3062 (Call.
1385 2973 1473 3043 fr.
1519 2974 1683 3061 4233
1731 2972 2012 3042 Theocr.
2061 2974 2312 3056 Θύρσις
2353 2968 2491 3058 71).

520 3091 708 3177 Quae
751 3095 962 3162 verba
1022 3114 1170 3161 cum
1231 3091 1376 3161 fere
1439 3091 1663 3161 omnia
1722 3093 1796 3161 et
1858 3089 2038 3181 apud
2098 3090 2395 3178 tragicos
2442 3090 2515 3158 et
2575 3104 2742 3191 516,

341 3208 524 3299 apud
587 3208 1027 3277 Herodotum·
1086 3209 1198 3280 vel
1266 3209 1752 3300 Hippocratem
1818 3208 1929 3279 vel
1994 3207 2516 3297 Xenophontem

341 3324 962 3414 deprehenduntur,
1004 3326 1184 3395 ‘unde
1228 3326 1355 3395 ina
1395 3326 1657 3395 ionicae
1689 3348 1951 3417 quoque
1981 3325 2261 3394 dialecti
2301 3324 2514 3394 fuisse

341 3444 585 3528 elucet,
634 3447 778 3513 tum
825 3466 985 3512 usus
1031 3446 1141 3513 est
1187 3443 1594 3534 Apollonius
1641 3445 1868 3514 verbis
1911 3443 2275 3527 nonnullis,
2342 3465 2515 3532 quae

342 3559 601 3628 nullius
646 3560 928 3632 dialecti
966 3561 1249 3651 propria
1291 3565 1454 3630 sunt
1498 3561 1634 3630 nisi
1675 3561 1955 3631 ionicae.

429 3677 732 3764 ἀφάσσω.
823 3678 920 3760 Π,
967 3679 1099 3746 710
1142 3681 1328 3747 οἰόθι
1374 3678 1434 3746 δ’
1483 3679 1653 3765 αὐτὴ

514 3797 711 3879 Λητὼ
757 3795 1150 3881 Κοιογένεια
1195 3799 1425 3882 φίλαις
1467 3795 1546 3863 ἐν
1587 3794 1821 3884 χερσὶν
1865 3796 2182 3882 ἀφάσσει;

513 3911 683 3979 item
701 3912 828 3993 IV,
852 3912 1202 3995 428,1522
1233 3912 1365 3981 fine
1394 3935 1632 3982 versus
1665 3913 1964 4003 positum
1992 3915 2117 3981 est.
2208 3911 2513 3981 Verbum

338 4029 625 4115 ἀφάσσω
669 4052 792 4117 pro
837 4029 1196 4098 Homerico
1241 4030 1437 4118 ἀφάω
1484 4033 1569 4116 (Ζ
1614 4030 1743 4097 322
1789 4031 2135 4118 ἁφόωντα,
2195 4030 2510 4117 ἀμφαφά-

339 4153 551 4212 ασθαι
595 4149 664 4210 Χ
700 4145 829 4212 373
875 4148 946 4213 et
990 4144 1104 4234 al.)
1151 4147 1655 4235 usurpaverunt
1696 4145 2086 4215 Herodotus
2142 4145 2275 4233 III,
2309 4147 2394 4214 69
2439 4149 2512 4216 et

334 4261 790 4351 Hippocrates
834 4263 895 4347 8,
933 4262 1061 4330 120
1079 4262 1174 4349 L;
1244 4262 1500 4331 imitati
1562 4265 1722 4331 sunt
1781 4260 2094 4331 Musaeus
2138 4263 2245 4348 82,
2282 4263 2407 4332 126
2438 4266 2511 4333 et

335 4377 725 4468 Nonnuse.
770 4399 873 4466 gr.
919 4376 1005 4446 D.
1053 4378 1137 4464 V,
1183 4378 1335 4447 421.
