3178 5200
13 626 153 942 §gg

1465 468 1551 536 17

310 723 321 738 ·
406 633 777 734 utriusque
842 643 1111 735 generis
1178 666 1336 712 usus
1403 643 1496 712 sit
1563 641 1756 711 alius.
1857 641 2036 711 Huic
2102 641 2321 711 ordini
2385 645 2594 713 verba

418 781 592 851 quae
634 761 1056 846 tribuuntur,
1116 782 1517 850 quamquam
1585 759 1811 828 aliena
1853 762 1939 828 ab
1983 759 2298 846 Homero,
2367 764 2599 830 tamen

421 878 692 948 minime
737 880 821 948 ab
866 878 1123 948 usitato
1170 900 1472 946 sermone
1517 877 1992 967 discrepantia,
2041 880 2204 947 sunt
2244 877 2441 945 haec.

601 999 956 1083 ἱδρύεσθαι
987 996 1310 1066 condere:
1346 997 1403 1081 I,
1423 996 1570 1080 959,
1605 996 1731 1080 IV,
1761 996 1929 1063 1691
1962 997 2356 1085 ἱδρύσαντο·
2399 995 2594 1064 Hom.

426 1116 690 1203 ίδρύειν
731 1137 854 1204 pro
901 1136 980 1183 eo
1031 1114 1209 1204 quod
1253 1116 1361 1183 est
1406 1113 1772 1199 collocare3
1836 1114 2211 1199 ἱδρύεσθαι,
2271 1115 2597 1202 καθιδρύ-

426 1240 630 1301 εσθαι
675 1252 718 1301 a
758 1231 992 1300 multis
1035 1231 1316 1300 usitata.

605 1351 938 1435 ψύχεσθαι
983 1347 1424 1437 refrigerari:
1468 1347 1564 1433 II,
1613 1348 1743 1416 819
1789 1349 2071 1436 κάπριος
2092 1385 2180 1397 -
2200 1385 2288 1397 -

601 1471 981 1555 ψυχόμενος
1024 1471 1312 1554 λαγόνας
1354 1492 1425 1535 τε
1471 1467 1579 1534 καὶ
1627 1471 1915 1536 ἄσπετον
1956 1469 2093 1536 ἰλύι
2136 1470 2369 1554 νηδύν.

603 1585 730 1672 IV,
767 1586 938 1653 1529
1024 1587 1250 1673 ψύχετ’
1295 1585 1642 1672 ἀμηχανίῃ.
1733 1586 1965 1653 Hom.:
2036 1587 2274 1673 ψύχειν
2320 1585 2600 1673 spirare.

612 1701 779 1770 Tria
801 1704 1040 1786 verba,
1062 1724 1344 1791 quorum
1375 1702 1673 1771 activum
1692 1703 1870 1792 apud
1892 1701 2260 1771 Homerum
2292 1701 2603 1770 transiti-

430 1841 611 1904 vam,
658 1818 948 1887 medium
993 1818 1149 1908 (vel.
1194 1821 1405 1908 pass.)
1455 1819 1635 1909 apud
1678 1819 1813 1908 Ap.
1844 1819 2357 1888 intransitivam
2398 1819 2607 1888 habet

426 1937 797 2023 notionem,
879 1939 1044 2004 sunt
1102 1937 1362 2021 ἐρεύθω
1430 1937 1514 2025 (e.
1547 1960 1653 2025 gr.
1686 1936 1823 2021 ΠΙ,
1875 1936 2048 2023 163),
2135 1940 2461 2004 λευκαίνω
2522 1935 2605 2022 (Ι,

437 2054 614 2142 545),
661 2054 896 2142 κάρφω
944 2053 1099 2139 (IV,
1148 2055 1368 2140 1094).

608 2170 1010 2258 χαλέπτομαι
1052 2170 1344 2239 irascor:
1391 2171 1526 2256 ΙΠ,
1562 2171 1726 2257 109;
1775 2172 2228 2257 χαλεψάμενος
2270 2169 2409 2253 ΠΙ,
2443 2170 2606 2257 382;

435 2288 492 2371 Ι,
543 2286 733 2356 1341.
822 2287 1053 2357 Hom.:
1117 2289 1418 2375 χαλέπτω
1482 2288 1820 2377 opprimo;
1885 2291 2250 2375 χαλεφθείς
2310 2287 2609 2376 Theogn.

441 2405 599 2493 1553
648 2403 817 2473 Call.
862 2404 991 2488 VI,
1038 2405 1157 2491 483
1203 2405 1337 2493 Ap.
1383 2404 1513 2472 Rh.
1562 2404 1696 2490 ΠῘ,
1742 2406 1846 2473 97.

619 2520 877 2606 Quibus
924 2521 1152 2590 verbis
1201 2525 1633 2612 opponantur
1678 2544 1776 2608 ea,
1823 2544 2109 2612 quorum
2153 2522 2449 2592 activum
2480 2523 2611 2611 Ap.

446 2639 829 2729 usurpavit,
876 2662 1025 2708 cum
1066 2639 1263 2708 Hom.
1309 2640 1600 2708 medium
1643 2641 1838 2709 modo
1883 2640 2154 2710 habeat.

621 2756 1018 2841 ἀτυζόμενος
1062 2757 1241 2845 apud
1286 2757 1480 2825 Hom.
1529 2761 1634 2827 est
1693 2758 1872 2826 idem
1916 2758 2095 2847 quod
2154 2759 2398 2827 timore
2442 2781 2615 2826 com-

442 2877 690 2958 motus,
736 2874 1179 2963 perterritus,
1226 2874 1588 2963 eodemque
1633 2896 1835 2943 sensu
1865 2898 1907 2942 a
1932 2874 2232 2943 Pindaro
2278 2874 2380 2964 (P.
2412 2875 2470 2959 Ι,
2506 2875 2617 2959 13)

443 2989 866 3078 tragicisque
938 2991 1162 3079 poetis
1236 2990 1600 3059 adhibetur
1615 3017 1629 3077 ;
1700 2991 1999 3060 activum
2066 2994 2314 3076 autem,
2385 2992 2439 3076 Ι,
2488 2992 2619 3060 465

448 3107 690 3191 ἀτύζει,
736 3106 916 3177 idem
946 3108 1136 3177 valet
1165 3130 1244 3176 ac
1273 3112 1517 3193 terret,
1566 3111 1648 3175 ut
1678 3108 1958 3177 Theocr.
1993 3114 2200 3195 Θυρσ.
2231 3110 2336 3177 56.
2370 3109 2617 3190 ἀτύξαι.

449 3223 668 3307 Quam
699 3223 1003 3308 formam,
1039 3227 1123 3293 ab
1156 3228 1446 3314 utroque
1477 3226 1550 3293 in
1581 3225 1714 3293 fine
1745 3247 1981 3294 versus
2014 3225 2429 3311 collocatam,
2461 3229 2621 3294 uter

447 3341 745 3426 finxerit,
810 3365 960 3411 cum
1005 3342 1308 3411 dubitari
1350 3343 1589 3431 possit,
1652 3342 2057 3432 Apollonius
2105 3346 2293 3413 certo
2339 3344 2625 3413 novavit

460 3459 624 3528 has:
691 3458 789 3543 II,
837 3460 966 3528 667
1012 3464 1082 3527 οἳ
1123 3459 1183 3526 δ’
1230 3458 1332 3527 ἐνὶ
1377 3463 1532 3547 γαίῃ
1576 3463 1778 3547 χηλὰς
1825 3464 2262 3548 σκηρίπτοντε
2308 3459 2621 3549 (ungulas

455 3579 688 3646 terrae
727 3577 971 3665 obnisi)
1003 3578 1400 3664 πανημέριοι
1431 3577 1809 3665 πονέονται,
1843 3578 2073 3647 Hom.:
2123 3582 2622 3665 σκηρίπτεσθαι,

451 3718 493 3778 ρ
542 3693 703 3781 196,
751 3701 789 3762 λ
833 3694 982 3762 595.
1075 3693 1222 3763 Nic.
1270 3694 1369 3762 th.
1418 3695 1564 3762 721.

630 3810 942 3898 ἐρύθηνε,
976 3810 1083 3879 IV
1104 3812 1236 3878 474
1256 3812 1389 3900 Ap.
1416 3835 1541 3901 pro
1569 3834 1648 3880 eo
1673 3813 1855 3901 quod
1891 3817 1997 3881 est
2034 3814 2316 3880 rubrum
2343 3810 2628 3880 reddere

463 3927 715 4017 posuit,
775 3927 969 3995 Hom.
1020 3928 1413 4015 ἐρυθαίνετο
1476 3931 1918 4017 rubescebat;
1986 3951 2065 3998 ac
2111 3929 2317 3997 simili
2360 3928 2629 3998 ratione

453 4045 887 4114 Homericam
952 4044 1241 4114 formam
1304 4045 1468 4113 intr.
1531 4047 1841 4133 θέρομαι,
1913 4047 2192 4131 calesco,
2260 4045 2633 4115 transitiva

454 4162 652 4229 auxit
694 4162 906 4249 θέρον
950 4160 1076 4244 IV,
1126 4161 1327 4232 1312:
1374 4161 1586 4247 θέρον
1633 4162 1832 4249 αὐγαὶ
1875 4165 2106 4249 ἠελίου
2150 4164 2413 4249 Λιβύην
2457 4161 2629 4247 (Nic.

456 4278 556 4346 th.
592 4279 765 4368 687),
798 4278 1308 4370 calefaciebant.
1403 4279 1662 4363 Quibus
1707 4280 1780 4347 in
1824 4283 2153 4368 quattuor
2184 4280 2455 4349 novatis
2491 4278 2633 4347 for-

483 4394 607 4464 mis
653 4419 852 4467 unam
898 4376 1308 4486 eandemque
1353 4397 1814 4486 cognoscimus
1856 4420 2032 4466 rem:
2095 4401 2301 4486 poeta
2346 4397 2461 4485 qui
2504 4396 2636 4466 sin-

2174 4515 2216 4581 2
