3178 5200
1482 535 1572 603 2¹7

525 723 567 732 ““
602 709 664 796 I,
712 710 845 781 479
900 711 1091 779 ἄλλοι
1148 717 1360 796 μῦθοι
1417 710 1560 776 ἔασι
1624 712 2014 795 παρήγοροι,
2078 701 2220 776 οἷσί
2262 728 2386 794 περ
2433 707 2604 795 ἆνὴρ

432 829 773 916 θαρσύνοι
803 827 1058 911 ἕταρον.
1127 826 1525 916 Optativnm
1553 828 1740 894 recte
1781 825 2154 915 explicavit
2174 824 2609 895 Wellanerus

434 945 687 1015 collato
731 945 879 1014 loco
911 943 1246 1013 simillimo
1292 942 1415 1029 IV,
1444 943 1614 1011 1719
1661 942 1850 1030 ῥέζον
1882 942 1948 1008 δ’
1987 942 2155 1011 ὅσσα
2185 963 2310 1029 περ
2357 943 2604 1025 ἄνδρες

437 1063 719 1150 ἐρημαίῃ
765 1064 865 1129 ἔνι
913 1060 1124 1148 ῥέζειν
1163 1060 1174 1148 Ι
1213 1060 1378 1148 ἀκτῇ
1437 1059 1952 1147 ἑφοστλίσσειανε
2013 1059 2257 1128 omissa
2302 1061 2412 1128 est
2452 1079 2610 1148 par·

439 1179 656 1249 ticula
698 1181 802 1262 ἄν,
870 1178 1065 1247 velut
1116 1177 1381 1266 saepius
1427 1177 1500 1244 in
1541 1177 1859 1260 Homer0,
1929 1178 2195 1267 saepius
2252 1177 2325 1243 in
2366 1176 2609 1260 ArutO,

437 1295 626 1364 cuius
694 1294 1000 1384 exempla
1064 1293 1345 1381 collegit
1412 1293 1745 1362 Maassius
1814 1298 1899 1379 (v.
1964 1317 2031 1362 v.
2093 1293 2199 1378 76,
2265 1294 2371 1376 96,
2436 1291 2612 1379 248).

432 1411 943 1510 Attractionem
986 1414 1215 1481 autem
1257 1410 1610 1478 modorum
1639 1432 1840 1499 quam
1883 1409 2182 1495 dicimus,
2232 1432 2276 1479 a
2325 1409 2607 1481 Graecis

435 1552 700 1620 semper
744 1529 1088 1613 usitatam,
1156 1527 1532 1597 invenimus
1604 1528 1785 1617 apud
1842 1527 2281 1617 Apollonium
2346 1549 2610 1617 quoque

433 1647 569 1731 ΠΙ,
618 1647 747 1714 788
789 1649 1114 1732 τεθναίην
1143 1645 1461 1734 αὐτῆμαρ,
1510 1646 1598 1713 ὅτ’
1649 1645 2030 1728 ἐξανύσειεν
2076 1647 2327 1713 ἄεθλον
2358 1649 2436 1715 et'
2468 1644 2606 1730 III,

434 1764 606 1833 1112
650 1766 843 1831 ἔλθοι
892 1802 967 1813 --
1017 1765 1298 1850 ἅγγελος
1341 1765 1546 1851 ὄρνις,
1596 1763 1682 1830 ὅτ’
1735 1763 2125 1831 ἐκλελάθοιο
2170 1763 2369 1849 ἐμεῖο.
2449 1772 2458 1779 ’

606 1881 898 1951 Casuum
942 1903 979 1949 e
1023 1880 1251 1950 verbis
1295 1879 1732 1970 pendentium
1776 1902 1969 1948 usum
2011 1882 2401 1970 comparato
2449 1878 2589 1951 Ho-
2684 1875 2723 1960 ἓ
2768 1874 2833 1941 9.

431 1998 680 2069 merico
740 1998 799 2067 si
841 2001 1242 2088 spectamus,
1301 1998 1427 2066 hoc
1487 2000 1598 2067 est
1652 1997 2110 2086 quaerendum
2165 2020 2326 2066 num
2372 2019 2409 2065 e
2453 2019 2605 2086 per-

430 2117 666 2186 multis
712 2118 932 2200 rebus,
996 2115 1236 2204 quibus
1279 2116 1412 2204 Ap.
1458 2114 1719 2183 recedit
1761 2117 1847 2214 ub
1892 2115 2208 2199 Homer0‚
2257 2115 2597 2203 congestis

429 2234 746 2323 interque
809 2255 882 2303 se
943 2231 1350 2323 comparatis
1412 2254 1754 2301 commune
1811 2231 2072 2321 aliquid
2136 2235 2604 2320 cognoscatur.

431 2351 720 2440 Singula
765 2352 959 2436 enim,
1023 2373 1195 2440 quae
1240 2350 1806 2419 Linsenbarthius
1828 2350 1876 2438 1)
1922 2350 2223 2440 collegit,
2270 2349 2445 2417 nihil
2487 2349 2608 2419 ha-

429 2472 590 2541 bere
633 2469 954 2537 momenti
983 2468 1212 2537 elucet
1240 2491 1324 2537 ex
1351 2467 1501 2557 ipso
1544 2468 1729 2536 illius
1764 2467 2105 2558 opusculo,
2156 2467 2272 2557 qui
2316 2467 2608 2537 collecta.

436 2609 655 2675 neque
712 2586 1026 2675 digerere
1084 2609 1302 2676 neque
1366 2585 1703 2676 explicare
1759 2588 2041 2655 conatus
2102 2584 2215 2655 sit.
2307 2585 2608 2674 Collegit

435 2709 665 2773 tamen
710 2725 965 2772 summa
1005 2703 1343 2772 industria
1384 2704 1490 2772 ita.
1518 2706 1599 2771 nt
1642 2703 1814 2772 nihil
1842 2703 1994 2772 fere
2038 2704 2424 2790 omitteret;
2469 2727 2607 2794 qua

432 2821 520 2894 de
563 2841 764 2891 causa
803 2820 990 2890 illius
1036 2821 1356 2908 exemplis
1400 2821 1738 2905 nituntur,
1785 2843 1959 2911 quae
2003 2824 2396 2910 sequuntur.

608 2939 714 3007 Ac
756 2939 1048 3028 primum
1092 2938 1361 3027 quidem
1404 2937 1627 3007 dativi
1679 2961 1891 3023 nsum,
1955 2940 2288 3027 quatenns
2336 2941 2420 3007 ab
2467 2939 2607 3007 Ho-

432 3055 683 3124 merica
726 3055 1106 3124 elocutione
1150 3055 1532 3139 abhorreat,
1592 3054 2024 3144 inspicientes
2067 3055 2256 3139 nihil,
2305 3056 2363 3124 si
2408 3057 2603 3125 omit-

433 3173 640 3244 timus
685 3172 1036 3261 participii
1065 3174 1482 3241 structuram
1526 3194 1807 3262 prorsus
1839 3171 2241 3261 pedestrem,
2288 3194 2462 3261 qnae
2493 3197 2603 3242 ex-

434 3292 581 3358 stat
637 3289 733 3375 II,
782 3290 913 3357 364
974 3289 1508 3376 περιγνάμψαντι
1545 3290 1555 3377 Ι
1595 3292 1803 3368 πολὺς
1861 3289 2331 3377 παρακέκλιται
2378 3330 2459 3341 -
2506 3293 2607 3358 αἰ-

431 3409 681 3493 γιαλός,
732 3405 1127 3492 invenimus,
1172 3407 1629 3496 quodnsitati
1671 3411 1780 3475 est
1825 3408 2169 3475 sermonis.
2260 3407 2612 3478 Nonnulla

432 3526 664 3592 tamen
714 3525 929 3593 verba
972 3524 1163 3612 epica
1206 3526 1293 3593 ab
1335 3524 1631 3592 Homero
1678 3523 1988 3592 absolute
2032 3524 2277 3612 posita,
2340 3532 2616 3610 γηθεῑν,-

432 3642 695 3726 ἠπύειν,
740 3641 1158 3726 ὃηριάεσθαι,
1206 3642 1517 3727 ὁμαρτεῖν
1545 3663 1731 3709 more
1761 3664 2295 3730 synonymorum
2327 3646 2606 3731 χαίρειν,

432 3761 603 3843 βοᾶν
646 3757 849 3846 (Xen.
875 3777 1006 3826 un.
1049 3757 1106 3842 Ι,
1138 3758 1201 3841 8,
1236 3758 1358 3844 123
1407 3759 1537 3846 19),
1583 3765 1924 3845 πολεμεῖν,
1968 3758 2252 3826 ἕπεσθαι
2298 3759 2606 3830 dativum
2664 3826 2671 3832 .

432 3874 832 3957 adsciscunt,
908 3877 992 3942 nt
1065 3875 1200 3943 iam
1273 3876 1452 3963 apud
1525 3875 1895 3944 Hesiodum
1970 3876 2273 3965 aliosque
2347 3879 2604 3965 poetas.

432 3990 863 4091 Homericum
909 3995 1138 4060 autem
1187 4015 1402 4084 genus
1442 3991 1709 4062 dicendi
1749 3993 2025 4061 imitans
2057 3993 2233 4080 ἀμφί
2270 4016 2421 4061 cum
2464 3994 2605 4064 dat.

432 4088 556 4197 pro
602 4111 760 4197 περί
817 4131 965 4178 cum
1022 4131 1171 4198 gen.
1215 4109 1413 4199 ponit
1454 4109 1581 4193 IV,
1632 4110 1800 4178 1333
1847 4109 2019 4196 ἀμφὶ
2067 4109 2142 4177 δὲ
2194 4113 2409 4199 νόστῳ
2458 4113 2625 4179 οὔτι.

430 4224 583 4311 μάλ’
653 4225 929 4313 ἀντικρὺ
1002 4226 1173 4294 νοέω
1249 4228 1474 4313 φάτιν.
1560 4226 1751 4295 Idem
1820 4226 2249 4295 Homericum
2316 4228 2606 4296 colorem

620 4379 677 4448 1)
711 4378 798 4433 De
832 4372 1241 4449 Apollonii‘Rh.
1273 4396 1499 4437 casuum
1536 4380 1756 4453 syntaxi
1793 4385 2113 4451 comparato
2150 4395 2256 4436 usu
2292 4380 2600 4437 Homerico.

433 4477 581 4535 Diss.
620 4478 773 4550 Lips.
816 4482 969 4536 1887.
1945 4506 1948 4509 ⁴
2202 4499 2207 4504 ’
