3178 5200
1409 462 1499 531 19

329 616 771 723 5²⁸thqu
842 635 1183 706 adhibitas
1257 659 1405 706 esse
1479 636 1759 707 videbat
1832 637 2218 729 eademque
2239 705 2243 709 ,
2264 638 2534 709 ratione

334 741 618 820 formae
661 751 1020 839 κιχήσομαι
1064 752 1333 823 addidit
1376 757 1648 840 κιχήσω.

529 867 877 959 Persaepe
933 870 1165 938 autecin
1226 869 1487 940 factum
1555 892 1718 956 esse,
1783 873 1865 940 ut
1930 894 2078 940 cum
2143 871 2276 940 tali
2338 871 2547 942 modo·

353 983 556 1054 unius
598 985 796 1055 verbi
824 986 1082 1056 formae
1124 987 1307 1057 inter
1352 1011 1425 1056 se
1471 987 1833 1057 concinnae
1877 987 2343 1078 redderentur,
2389 993 2539 1057 tum

351 1102 593 1173 activa
665 1103 916 1173 fuirum
989 1104 1415 1194 depellerent
1494 1104 1760 1190 medias
1825 1105 2100 1175 multis
2133 1105 2536 1241 Hatzidakis

353 1218 693 1311 exemplis
733 1220 966 1291 allatis
1011 1221 1508 1308 demonstravit
1528 1222 1598 1312 ¹).

536 1337 738 1408 Ar'at.
782 1337 1022 1429 phaen.
1070 1339 1234 1407 372·
1282 1333 1393 1409 οἶά
1435 1364 1506 1408 τε
1551 1342 1768 1408 πολλὰ

538 1455 747 1542 ἑξείης
792 1460 1156 1543 στιχόωντα
1200 1456 1600 1546 παρέρχεται
1645 1457 1812 1525 αὐτὰ
1853 1456 2163 1541 κέλευθα,
2229 1470 2234 1474 ’

347 1571 663 1663 positum
691 1576 802 1643 est
831 1576 1197 1661 στιχόωντα
1242 1574 1474 1642 eadem
1517 1573 1592 1644 vi
1633 1573 2017 1663 praeditum
2058 1576 2266 1662 atque
2294 1574 2537 1644 Home-

354 1689 583 1758 ricum
625 1692 1041 1777 ἐστιχόωντο,
1087 1691 1130 1757 i.
1157 1713 1213 1758 e.
1239 1691 1312 1759 vi
1340 1689 1787 1779 ingrediendi.
1880 1691 2089 1761 Cuius
2134 1706 2367 1759 versus
2410 1690 2538 1758 ini-
2633 1721 2640 1728 ·

350 1805 540 1876 tium
567 1806 701 1895 Ap.
744 1806 804 1892 I,
837 1806 923 1874 30
967 1805 1224 1894 (φηγοὶ)
1267 1805 1477 1892 ἑξείης
1518 1809 1875 1893 στιχόωσιν
1920 1807 2267 1894 ἐπήτριμοι
2309 1807 2540 1875 imissa-

346 1925 474 1992 tus
518 1921 868 1992 notionem
898 1923 1096 1992 verbi
1129 1923 1234 1992 ita
1267 1923 1583 2008 mutavit,
1629 1928 1711 1992 ut
1759 1923 2123 1992 sitordine
2155 1927 2376 2008 stare,
2406 1944 2543 1992 non

348 2039 496 2110 iam
534 2039 771 2109 ordine
799 2041 934 2129 ire;
982 2062 1112 2130 quo
1144 2063 1293 2108 cum
1320 2064 1450 2109 usu
1481 2040 1602 2108 cfS.
1633 2042 1837 2109 Araia.
1873 2041 1995 2110 191
2031 2041 2300 2128 ἀστέρες
2331 2043 2402 2109 οἳ
2424 2067 2541 2129 μιν

351 2157 862 2247 (Κασσιέπειαν)
886 2168 1107 2225 πᾶσαν
1140 2158 1506 2245 ἐπιρρήδην
1531 2162 1904 2246 στιχόωσιν,
1941 2159 2289 2245 „stellen“.
2335 2158 2541 2226 Illum
2622 2136 2634 2145 ’

351 2279 592 2346 autem
614 2275 827 2345 Araffi
854 2298 1048 2345 usum
1092 2275 1402 2344 imitatus
1435 2279 1540 2344 est
1569 2275 1881 2344 Moschus
1910 2276 2077 2360 Εὐρ.
2110 2276 2256 2344 142.
2289 2277 2443 2343 οὔτε
2477 2300 2540 2343 τι

351 2403 598 2478 ταῦροι
645 2392 719 2460 ἐν
764 2396 988 2482 πόντῳ
1034 2396 1362 2480 στιχόωσι.
1457 2393 1713 2476 Quibus
1782 2392 1853 2459 in
1908 2393 2148 2461 formis
2210 2392 2540 2462 novandis

351 2534 427 2580 v.
471 2512 756 2597 στείχειν
819 2508 1079 2599 aliquid
1122 2510 1414 2579 valuisse
1459 2509 1662 2578 facile
1725 2510 1855 2577 tibi
1914 2509 2347 2598 persuadeas,
2436 2508 2542 2579 Ac

352 2628 565 2698 simili
627 2628 895 2697 ratione
960 2628 1289 2717 explicari
1359 2650 1556 2717 posse
1623 2628 1918 2713 videtur,
1990 2627 2166 2716 quod
2217 2627 2350 2715 Ap.
2417 2650 2538 2716 pro

359 2745 652 2815 Homeri
722 2770 785 2815 v.
862 2746 1207 2833 ἕδριάομαι
1281 2746 1417 2831 ΙΠ,
1480 2746 1611 2813 170
1684 2744 2122 2832 (ἑδριόωντες,
2201 2743 2540 2831 sedentes)

360 2860 609 2951 ἑδριάω
655 2864 1039 2952 usurpavit,
1105 2863 1281 2932 sicut
1327 2862 1610 2931 Theocr.
1657 2867 1862 2929 Πτολ.
1911 2862 1993 2928 19
2039 2860 2320 2948 ἑδραίας
2390 2882 2541 2928 auc-

355 2980 615 3072 'toritas
647 2979 824 3068 enim
854 2982 1215 3050 verborum
1260 2979 1395 3067 ἔφη
1444 3002 1638 3065 παρ-,,
1678 2979 2062 3065 συνεδρεύω
2105 2977 2233 3047 hoc
2276 2977 2543 3046 efficere

354 3098 657 3185 peierat.

366 3293 369 3296 ,
418 3209 423 3210 7
538 3214 634 3299 H,
684 3214 843 3281 332:
891 3213 1033 3284 ἀλλ’
1069 3210 1160 3305 Ιεὖ
1204 3214 1647 3308 καρτύναντες
1694 3213 1833 3292 ἑαῖς
1876 3211 1978 3281 ἐνὶ
2019 3210 2249 3299 χερσὶν
2304 3210 2542 3298 ἐρετμὰ

361 3330 578 3402 activi
624 3355 822 3400 usum
865 3331 1061 3401 verbi
1104 3333 1478 3418 καρτύνειν,
1546 3331 1732 3400 cuius
1778 3330 2068 3398 medium
2110 3328 2306 3397 Hom.
2352 3327 2541 3398 adhi-

359 3450 613 3518 buerat
628 3448 1101 3534 (ἐκαρτύναντο
1126 3449 1519 3535 φάλαγγας),
1534 3448 1740 3516 facile
1760 3447 2147 3535 intellegas,
2182 3445 2241 3514 si
2261 3448 2543 3515 verbum

359 3566 723 3650 κρατύνειν
768 3564 1104 3653 respicias.
1195 3565 1399 3634 Vocis
1444 3567 1806 3652 πεμπάζειν
1869 3564 2184 3648 activum,
2246 3564 2427 3652 quod
2469 3564 2543 3631 in

244 3740 249 3743 .
361 3682 628 3771 Argon.
672 3682 766 3767 H,
814 3683 962 3768 995,
1010 3682 1139 3768 IV,
1187 3682 1356 3749 1742
1403 3684 1655 3768 exstat,
1700 3704 1851 3751 cum
1893 3685 1978 3750 ab
2021 3681 2174 3749 aliis
2219 3685 2365 3749 tum
2408 3680 2543 3748 iam

370 3802 460 3869 ab
504 3798 852 3887 Aeschylo
898 3800 1091 3867 Eum.
1141 3800 1270 3866 748
1314 3799 1662 3884 πεμπάζετ’
1709 3799 1935 3887 ὀρθῶς
1977 3798 2254 3884 ἐκβολὰς
2296 3800 2543 3884 ψήφων

363 3918 771 4006 usurpatum
819 3919 959 4001 θεὶς
1009 3914 1080 3982 id
1110 3914 1289 4003 quod
1319 3914 1400 3982 de
1432 3916 1733 4000 ἀμείβειν
1763 3937 2024 4003 quoque
2055 3913 2326 3998 dicitur,
2373 3934 2543 4001 quae

366 4056 506 4102 vox
549 4033 684 4104 iam
731 4032 913 4123 apud
956 4031 1380 4101 Herodotum
1425 4032 1510 4115 V,
1558 4032 1642 4097 72
1690 4030 1919 4100 activa
1962 4034 2210 4100 exstat.

557 4218 611 4287 1)
651 4207 974 4287 Einleitung
1027 4218 1105 4304 in
1142 4214 1232 4272 die
1283 4232 1472 4287 neugr.
1531 4215 1715 4272 Gram.
1772 4231 1824 4285 p.
1868 4216 2001 4285 1753
2055 4214 2119 4271 G.
2157 4214 2244 4270 W.
2284 4210 2543 4283 Schmidt,

369 4309 458 4368 De
503 4308 588 4368 Fl.
625 4311 743 4367 «Ιοε.
782 4307 1090 4382 elocutione
1126 4325 1180 4379 p.
1217 4309 1322 4363 445
1346 4324 1388 4363 s.

2034 4408 2126 4475 2*
