3178 5200
1738 399 1827 466 44

772 575 1088 664 βλαστέω.
1113 574 1247 662 111,
1263 575 1388 644 921
1405 574 1766 644 ἀθανάτων
1782 577 1992 664 ἥρωες
2013 575 2122 663 ἀφ’
2146 576 2421 663 αἵματος
2434 574 2866 663 ἐβλάστησαν.

874 692 1068 762 Hanc
1100 693 1386 763 formam
1430 693 1870 763 intransitive
1900 692 2273 762 adhibitam
2303 692 2686 762 derivatam
2714 715 2863 763 esse

702 811 785 880 de
831 811 1127 898 βλαστέω
1172 813 1568 900 comprobat
1611 810 1830 878 forma
1872 810 2230 896 ἐβλάστεον
2273 810 2398 895 lv,
2448 809 2637 877 1425.
2720 809 2866 895 Quo

698 930 907 998 verbo
952 928 1057 996 usi
1102 931 1261 997 sunt
1291 927 1728 1018 Empedocles
1773 927 1858 995 fr.
1885 928 1990 1012 21,
2027 928 2111 995 10
2132 925 2199 995 D
2231 927 2510 1014 δένδρεά
2539 932 2595 995 τ’
2632 926 2865 1013 ἐβλάσ-

698 1063 853 1131 τησε
882 1044 992 1112 καὶ
1024 1044 1258 1132 ἀνέρες
1301 1044 1418 1131 ἠδὲ
1462 1056 1776 1130 γυναῖκες
1816 1048 1889 1113 et
1920 1043 2007 1112 fr.
2046 1044 2189 1130 146,
2219 1044 2258 1111 3
2290 1046 2494 1112 ἔνθεν
2539 1043 2864 1130 ἀναβλασ-

698 1171 892 1230 τοῦσι
934 1160 1090 1229 θεοὶ
1110 1185 1125 1249 ;
1175 1160 1378 1251 Soph.
1402 1162 1487 1229 fr.
1514 1162 1664 1246 503,
1696 1163 1776 1249 2;
1825 1161 2067 1230 deinde
2098 1160 2606 1250 Theophrastus
2653 1160 2863 1230 variis

695 1279 881 1364 lociS,
938 1278 1115 1346 Bion
1159 1278 1244 1346 fr.
1289 1279 1483 1364 XIV,
1535 1279 1618 1345 17
1643 1278 1806 1348 Wil.
1854 1277 2044 1345 πάντ’
2093 1280 2317 1365 εἴαρος
2359 1277 2522 1345 ἁδέα
2573 1282 2863 1364 βλαστετ.

694 1395 799 1465 At
864 1395 920 1481 I,
971 1396 1159 1482 1131,
1226 1396 1349 1480 IV,
1398 1397 1546 1481 676,
1598 1396 1765 1464 1517
1854 1396 2221 1464 transitiva
2303 1395 2376 1465 vi
2439 1394 2670 1485 Apoll.
2741 1396 2864 1465 hoc

697 1515 976 1581 verbum
1032 1511 1436 1599 (ἐβλάστησε,
1512 1535 1775 1603 semper
1833 1515 2119 1582 exeunte
2186 1511 2419 1601 versu)
2479 1514 2859 1602 usurpavit,

695 1629 875 1697 unde
906 1630 1216 1717 cognosci
1244 1637 1473 1719 potest
1500 1631 1620 1699 ubi
1646 1630 1865 1699 locum
1895 1653 2086 1698 suum
2115 1653 2252 1700 vox
2279 1630 2549 1699 habeat.
2610 1629 2862 1699 Eadem

698 1746 874 1814 enim
915 1747 1290 1818 transitiva
1325 1749 1397 1816 vi
1436 1751 1670 1818 exstat
1712 1748 2009 1835 βλαστέω
2038 1747 2362 1838 Hippocr.
2395 1771 2460 1838 p.
2495 1748 2641 1832 383,
2676 1749 2763 1816 20
2785 1748 2859 1833 F,

697 1862 1066 1949 ἐκβλαστέω
1113 1887 1177 1953 p.
1210 1863 1358 1949 380,
1391 1864 1472 1932 51
1503 1864 1580 1948 F,
1627 1863 1806 1954 quod
1849 1864 2159 1932 imitatus
2205 1866 2311 1934 est
2352 1864 2663 1933 imitator
2706 1864 2861 1933 fide·

696 1980 993 2048 lissimus
1022 1980 1366 2049 Aretaeus
1401 2003 1467 2070 p.
1500 1980 1629 2050 266
1652 1981 1755 2048 K:
1804 1980 1968 2068 ἀτὰρ
2014 1980 2446 2068 ἐξεβλάστησε
2489 1983 2613 2068 τὴν
2659 1985 2859 2069 φυήν.

873 2098 981 2165 Ex
1042 2098 1315 2186 vulgari
1378 2097 1597 2187 igitur
1657 2098 1821 2167 Iade
1877 2098 2013 2188 Ap.
2057 2097 2230 2166 hanc
2292 2121 2521 2168 vocem
2584 2099 2859 2190 recepit,

697 2236 905 2305 quam·
960 2214 1141 2305 apud
1183 2215 1379 2282 LXX
1422 2237 1686 2305 quoque
1729 2215 2138 2285 invenimus:
2205 2214 2373 2287 Gen.
2425 2216 2481 2301 1,
2534 2216 2647 2283 11:
2710 2221 2860 2303 βλα·

704 2332 1003 2418 στησάτω
1049 2333 1203 2419 ἡγῇ
1248 2332 1539 2419 βοτάνην
1581 2336 1857 2422 χόρτου,
1919 2333 2119 2402 Num.
2170 2334 2269 2419 17,
2315 2333 2359 2400 8
2402 2334 2442 2420 ἡ
2487 2334 2738 2421 ῥάβδος
2786 2373 2859 2384 -

696 2448 1103 2536 ἐβλάστησεν
1146 2450 1379 2537 κάρυα.
1464 2449 1907 2539 Apollonium
1949 2451 2203 2519 iterum
2247 2450 2553 2540 sequitur
2581 2450 2861 2519 Nonnus

695 2565 782 2635 D.
825 2565 1158 2652 XXXVI,
1206 2567 1352 2636 356.

870 2686 1151 2754 verbum
1182 2685 1423 2753 ἐλινύω
1455 2708 1604 2754 cum
1626 2686 2067 2776 frequentant
2089 2686 2478 2756 Herodotus
2511 2689 2585 2756 et
2605 2685 2859 2776 Hippo-

696 2805 942 2886 crateS,
975 2804 1123 2869 tum
1146 2803 1555 2872 recentiores
1579 2803 1948 2894 scriptores
1973 2806 2201 2891 (unum
2229 2803 2458 2874 inveni
2490 2801 2862 2892 exemplum

698 2919 981 2988 atticum
1023 2919 1149 2988 Ar.
1195 2918 1458 2989 Thesm.
1493 2920 1677 3009 598);
1755 2921 1811 3008 Ι,
1845 2923 1972 2989 589
2020 2921 2409 2989 ἐλινύεσκον
2453 2921 2594 3009 (o-
2613 2920 2858 3008 --υ);

695 3036 752 3123 Ι,
783 3037 912 3104 826
958 3036 1261 3124 ἐλίνῦον;
1309 3036 1617 3107 conferas
1664 3039 1749 3107 de
1792 3038 1918 3108 hac
1961 3038 2317 3129 prosodiae
2363 3038 2860 3127 permutatione

694 3153 1064 3223 Rzachium
1108 3154 1155 3223 l.
1201 3154 1247 3221 l.
2204 3158 2211 3166 '
2900 3242 2903 3245 ἦ

869 3273 1054 3357 βλύω
1099 3272 1248 3361 (ΠΤ,
1299 3272 1504 3358 1446,
1555 3272 1687 3356 ΙΠ,
1735 3272 1864 3340 223
1910 3274 2217 3360 βλύεσκε)
2280 3272 2540 3341 ionicae
2585 3270 2863 3341 dialecti

696 3410 842 3456 esse
872 3388 1238 3458 verisimile
1267 3392 1391 3473 est,
1426 3412 1574 3457 cum
1608 3390 1912 3479 exempla
1938 3388 2375 3457 inveniantur
2406 3388 2586 3479 apud
2605 3388 2861 3478 Hippo-

694 3507 947 3574 cratem
1007 3507 1067 3591 6,
1113 3506 1319 3573 374Β
1384 3507 1557 3590 ἀνα·,
1627 3505 2143 3596 Lycophronem
2213 3506 2363 3575 301.
2467 3506 2599 3595 Ap.
2679 3527 2861 3594 περι-

693 3623 929 3709 βλύειν
973 3621 1099 3708 IV,
1133 3623 1280 3708 788,
1329 3623 1671 3710 ἐπιβλύειν
1716 3623 1842 3709 IV,
1879 3624 2050 3691 1238
2093 3623 2439 3692 formavit.
2528 3623 2860 3691 Homerus

695 3742 926 3807 autem
970 3738 1200 3808 eadem
1247 3740 1315 3807 vi
1358 3742 1625 3828 βλύζειν
1666 3742 2141 3829 usurpaverat,
2189 3741 2582 3827 ἀποβλύζων
2623 3740 2679 3824 Ι,
2711 3739 2859 3808 491.

867 3856 1120 3943 μυδάω.
1198 3857 1322 3943 IV,
1373 3859 1542 3926 1523
1612 3861 1947 3944 μυδόωσα.
2085 3857 2279 3942 Quod
2353 3859 2633 3927 verbum
2701 3860 2861 3925 ante

692 3972 1133 4062 Apollonium
1196 3979 1695 4063 usurpaverant
1755 3974 2117 4065 Sophocles
2165 3982 2246 4062 (e.
2294 3997 2403 4063 gr.
2449 3975 2616 4043 Ant.
2667 3972 2861 4060 1008)

694 4093 767 4158 et
810 4090 1283 4180 Hippocrates,
1330 4096 1570 4182 postea
1614 4092 1790 4160 hunc
1836 4091 2143 4160 imitatus
2187 4091 2337 4159 Nic.
2371 4091 2468 4159 th.
2516 4092 2663 4175 308,
2711 4091 2858 4172 423,

693 4208 809 4296 qui
833 4210 906 4276 et
928 4210 1158 4294 μῢὸος,
1205 4208 1293 4276 al.
1319 4210 1467 4293 248,
1508 4209 1837 4277 adhibuit.
1906 4208 2036 4275 Hic
2068 4231 2329 4297 quoque
2363 4207 2648 4276 ionicam
2678 4206 2859 4277 vocis

694 4324 1025 4416 originem
1070 4325 1419 4394 affirmans
1466 4326 1754 4395 Aretaei
1796 4324 2258 4395 testimonium
2300 4324 2527 4396 adest:
2576 4326 2862 4410 μύὸησις
