3178 5200
1344 463 1425 530 n

286 637 471 723 nisus
516 639 845 729 exemplo,
883 641 966 707 ut
1010 641 1317 728 putabat,
1360 638 1715 708 Homerico
1740 638 1809 725 ¹),
1855 664 1897 724 η
1943 637 2032 705 20
2072 636 2458 726 παρθενικὴ

293 765 538 842 νεῆνις,
605 757 662 841 Ι,
711 756 837 823 791
897 758 970 824 et
1026 756 1150 840 IV,
1199 756 1327 824 909
1385 756 1807 844 παρθενικὴν
1850 755 2100 842 ἐνοπὴν
2163 756 2470 842 ἐβιήσατο

291 873 583 960 φόρμιγξ
601 872 674 962 ²).
768 872 1087 942 Ceterum
1147 894 1231 941 ne
1272 871 1534 941 Aratus
1601 872 1868 961 quidem
1926 872 2101 940 talia
2162 872 2471 941 adhibuit

287 989 631 1059 adiectiva
656 991 729 1078 ⁸),
776 1012 924 1059 cum
969 990 1441 1075 Callimachus,
1496 992 1615 1080 qui
1660 991 1923 1060 omnino
1967 991 2223 1058 maiore
2267 990 2469 1059 liber-

288 1110 439 1176 tate
484 1107 559 1175 in
606 1107 794 1197 epico
843 1129 1148 1176 sermone
1194 1107 1548 1176 formando
1596 1130 1760 1176 usus
1808 1107 1920 1192 sit,
1986 1107 2311 1176 nonnulla
2354 1107 2469 1175 ad-

285 1223 496 1309 misit,
552 1246 847 1314 perrara
891 1225 964 1292 in
1005 1224 1305 1312 hymnis:
1371 1224 1493 1310 IV,
1543 1225 1670 1292 173
1714 1228 2146 1313 βαρβαρικός;
2215 1223 2338 1308 VI,
2386 1225 2470 1291 63

288 1343 726 1430 δεσποτικόςς
775 1346 1187 1428 παρθενικαί
1223 1364 1350 1430 pro
1396 1344 1611 1410 subst.
1656 1341 1780 1427 IV,
1828 1342 1992 1428 2983
2039 1342 2125 1426 V,
2174 1343 2294 1429 343
2343 1341 2467 1427 VI,

288 1457 434 1527 118.
525 1457 684 1543 Qua
727 1481 805 1526 re
851 1458 1028 1526 haud
1092 1457 1230 1527 scio
1277 1481 1366 1526 an
1409 1461 1577 1527 bene
1625 1459 2060 1528 confirmetur
2103 1461 2467 1545 sententia,

282 1596 484 1663 quam
529 1576 837 1665 protulit
882 1575 1135 1665 optimo
1179 1575 1254 1644 in
1294 1575 1476 1644 libro
1521 1577 1605 1645 de
1636 1575 2017 1664 Singularis
2064 1581 2137 1646 et
2179 1577 2467 1665 pluralis

278 1715 405 1760 usu
473 1693 741 1782 scripto
805 1692 1103 1782 (Lipsiae
1154 1693 1346 1781 1907)
1414 1692 1697 1762 Curtius
1766 1694 2013 1779 Witte,
2103 1695 2220 1783 qui
2279 1698 2469 1784 post-

287 1830 485 1898 quam
515 1809 965 1900 Apollonium
1002 1809 1283 1879 Homeri
1325 1832 1516 1878 usum
1558 1809 1849 1899 pluralis
1894 1811 2164 1900 poetici,
2210 1811 2328 1900 qui
2372 1811 2469 1880 di-

287 1926 489 2011 citur,
538 1926 1049 1995 accuratissime
1096 1929 1399 1996 secutum
1443 1949 1593 1995 esse
1622 1927 2139 2012 demonstravit,
2187 1929 2472 1998 disserit

285 2042 488 2112 haec:
540 2043 729 2130 „Das
761 2043 982 2114 Werk
1026 2044 1143 2113 des
1176 2042 1406 2133 Apoll.
1451 2043 1549 2114 ist
1589 2045 2029 2132 geschrieben
2064 2046 2188 2113 auf
2227 2045 2473 2116 Grund

281 2158 407 2228 der
473 2161 1029 2230 umfassendsten
1086 2161 1924 2250 Einzeluntersuchungen
1983 2165 2154 2230 iiber
2215 2162 2470 2232 Homer

186 2360 193 2367 ι
277 2276 417 2346 und
447 2277 651 2375 seins
681 2277 1013 2367 Sprache;
1062 2278 1186 2347 auf
1212 2277 1454 2347 Grund
1494 2302 1629 2349 von
1656 2279 2189 2369 philologischen
2217 2280 2470 2350 Unter-

280 2396 698 2485 suchungen,
755 2418 845 2464 an
889 2395 998 2464 die
1043 2397 1146 2465 bis
1193 2397 1317 2465 auf
1356 2397 1487 2466 den
1530 2396 1853 2485 heutigen
1900 2397 2052 2485 Tag
2095 2397 2266 2465 noch
2311 2397 2472 2467 kein

280 2514 653 2583 Moderner
696 2513 990 2603 gedacht
1050 2513 1190 2583 hat.
1281 2514 1436 2582 Dass
1478 2514 1611 2605 Ap.
1663 2515 1878 2584 selbst
1922 2512 2057 2583 alle
2101 2515 2285 2584 diese
2330 2516 2469 2586 Un-

284 2632 796 2721 tersuchungen
863 2632 1151 2720 gefiihrt
1212 2632 1435 2701 haben
1504 2633 1730 2718 sollte,
1799 2635 2009 2703 bevor
2074 2656 2151 2701 er
2213 2656 2302 2702 an
2359 2635 2469 2704 die

276 2748 748 2837 Ausfiihrung
794 2750 1011 2819 seines
1059 2748 1348 2821 Werkes
1391 2750 1577 2839 ging,
1640 2750 1800 2818 dari*
1837 2751 2021 2820 wohl
2066 2752 2183 2819 fiir
2228 2774 2466 2841 ausge-

278 2867 638 2937 schlossen
679 2867 976 2956 gelten“.
1065 2867 1254 2950 Quae
1318 2868 1662 2936 sententia
1706 2891 1839 2936 una
1883 2890 1967 2936 ex
2009 2874 2208 2958 parte
2252 2870 2470 2939 adiec-

282 2983 597 3056 tivorum
640 2983 761 3053 illo
808 3008 936 3052 usu
981 2984 1190 3053 certis
1238 2985 1660 3073 argumentis
1707 2984 2039 3054 affirmari
2082 2990 2332 3075 potest.

470 3101 691 3171 Simili
765 3126 841 3172 re
915 3106 1277 3172 observata
1351 3102 1689 3171 editorum
1763 3126 2084 3189 errorem,
2176 3105 2293 3194 qui
2382 3128 2467 3174 ex

282 3219 620 3288 Brunckii
684 3220 1104 3309 temporibus
1163 3219 1235 3287 in
1280 3218 1691 3288 editionibus
1742 3220 2218 3310 Apollonianis
2279 3222 2463 3292 inve-

284 3337 503 3423 nitur,
553 3337 824 3407 sustuli.
913 3339 970 3423 I,
1003 3339 1124 3407 103
1169 3337 1429 3426 legitur
1474 3341 1781 3428 Πειρίθῳ
1815 3336 2184 3423 ἑσπόμενον
2229 3342 2465 3425 κοινὴν

287 3455 477 3522 ὁδόν.
567 3454 712 3524 Nec
743 3455 1080 3524 Homerus
1125 3477 1341 3545 neque
1386 3455 1603 3524 ceteri
1628 3454 1996 3545 Apollonio
2042 3455 2462 3543 antiquiores

282 3594 506 3661 neque
549 3571 696 3661 ipse
738 3572 872 3661 Ap.
913 3595 1227 3662 umquam
1270 3572 1670 3642 vocabulum
1712 3576 1939 3651 κοινός
1983 3572 2459 3659 adhibuerunt3

288 3688 553 3777 epicum
612 3690 828 3770 ξυνός.
921 3690 1184 3759 Deinde
1243 3692 1483 3777 κοινὴν
1541 3691 1705 3759 ὁδὸν
1761 3689 2044 3757 ἕπεσθαι
2102 3689 2304 3779 plane
2350 3692 2462 3757 ab·

290 3806 569 3873 surdum
615 3809 725 3876 est
785 3808 875 3893 et,
945 3807 1123 3897 quod
1179 3807 1625 3896 postulamus,
1690 3808 1896 3876 habet
1940 3807 2458 3893 Laurentianus,

473 4029 525 4099 1)
565 4029 660 4100 qui
694 4029 848 4086 locus
887 4028 1155 4100 quomodo
1192 4028 1580 4100 intelligendus
1622 4034 1786 4100 esset,
1826 4029 2013 4087 docuit
2037 4031 2348 4101 Schulzius;
2387 4032 2457 4087 cf.

290 4127 517 4186 Ruhner
552 4130 648 4201 11²,
687 4134 824 4200 2323
863 4130 1145 4187 Delbriick
1182 4132 1304 4203 Vgl.
1347 4131 1556 4202 Syntax
1594 4131 1637 4202 1,
1675 4135 1796 4188 420.

465 4231 525 4302 2)
562 4231 659 4287 ubi
697 4247 932 4301 causam,
986 4248 1082 4288 cur
1120 4233 1407 4303 scripserit
1443 4232 1747 4289 Merkelius
1785 4236 1979 4302 παρθε
1982 4234 2129 4304 ναςίη
2167 4250 2277 4288 ιιοιι
2314 4233 2455 4288 novi.

467 4333 526 4406 3)
563 4335 668 4389 528
704 4336 972 4403 τροπικοί
1001 4340 1088 4391 est
1125 4334 1540 4392 substantivum.
