3178 5200
13 806 83 871 lgm.

13 946 37 989 V.

1423 530 1507 596 21

370 703 498 775 181
547 704 852 776 dixerat:
901 705 1427 793 ἀποκλινομένης
1471 703 1547 772 δὲ
1588 713 1706 791 τῆς
1746 703 2012 792 ἡμέρας,
2075 725 2227 772 cum
2267 699 2543 771 Aristo-

366 825 546 894 teles
593 827 667 894 et
710 824 1036 914 Xenopho
1082 823 1208 892 illa
1250 824 1363 893 via
1407 822 1898 891 recentioribus
1944 820 2342 910 praeissent.

551 942 776 1011 Media
833 941 1072 1010 deinde
1137 963 1263 1030 pro
1325 940 1567 1008 activis
1627 939 1854 1028 posita
1913 939 1975 1006 si
2034 942 2544 1027 perscrutamur
2627 935 2665 1021 ξ
2710 935 2771 1002 6.

364 1064 499 1131 hoc
559 1061 834 1149 dignum
891 1082 1036 1128 esse
1105 1058 1280 1149 quod
1338 1057 1930 1127 animadvertatur
1988 1056 2282 1140 videtur,
2364 1054 2547 1144 quod

364 1181 510 1269 Ap.
548 1200 946 1269 quamquam
973 1177 1389 1247 Graecorum
1430 1176 1706 1264 linguae
1750 1176 1822 1243 in
1864 1174 2099 1243 mediis
2146 1174 2542 1243 adhibendis

367 1318 633 1368 summa
678 1300 828 1365 erat
870 1296 1164 1375 licentia,
1228 1298 1456 1363 tamen
1503 1295 1769 1361 omnino
1814 1316 1953 1361 non
1995 1293 2227 1362 multis
2274 1295 2361 1362 ab
2404 1291 2542 1360 Ho-

367 1438 563 1484 mero
610 1415 847 1484 alienis
893 1412 1120 1483 verbis
1167 1412 1401 1481 mediis
1445 1434 1608 1480 usus
1643 1414 1763 1480 est.
1856 1411 1967 1478 Ex
2010 1412 2250 1500 quibus
2296 1411 2542 1480 usitati

369 1533 703 1603 sermonis
772 1534 974 1600 erant
1040 1530 1259 1599 media
1320 1532 1677 1598 verborum
1749 1529 1941 1596 αἰτέω
2007 1528 2125 1617 (ΙΙ,
2172 1528 2324 1613 486,
2370 1529 2545 1617 951),

367 1653 570 1719 τείνω
616 1649 921 1736 (crebro),
972 1648 1341 1735 φαρμάσσοι
1366 1647 1524 1736 (III,
1557 1647 1731 1735 859),
1779 1645 2028 1733 μετρέω
2074 1646 2156 1735 (Ι,
2190 1645 2378 1735 724):
2425 1671 2540 1713 κα·

370 1772 649 1836 νόνεσσι
697 1767 814 1834 δάε
859 1767 1021 1852 ζυγὰ
1061 1768 1551 1852 μετρήσασθαι,
1617 1763 1794 1832 unde
1839 1763 2254 1832 recentiores
2301 1766 2547 1852 poetae

367 1885 666 1954 medium
707 1886 1110 1975 receperunt
1167 1906 1290 1972 pro
1338 1905 1415 1950 eo
1463 1874 1725 1971 quoque
1772 1881 1949 1970 quod
1992 1880 2284 1949 Homero
2329 1880 2544 1970 Apol-

368 2002 689 2091 lonioque
758 2005 866 2069 est
933 2000 1236 2087 πέλαγος,
1303 2001 1428 2066 ἅλα
1493 2010 1795 2086 μετρεῑνε
1863 1997 2113 2066 Mosch.
2178 1998 2343 2084 Εὐρ.
2410 1997 2537 2066 157

374 2120 638 2210 (quoin
668 2119 959 2187 carmine
989 2140 1188 2207 saepe
1210 2117 1651 2207 Apollonium
1679 2116 1987 2185 imitatus
2020 2116 2150 2204 est)
2180 2119 2385 2203 τόσην
2417 2118 2543 2184 ἅλα

372 2241 862 2325 μετρήσασθαι;
921 2236 1123 2305 Dion.
1162 2235 1316 2303 Per.
1358 2235 1484 2301 716
1558 2237 1817 2319 πολλὴν
1886 2234 2010 2300 ἅλα
2068 2237 2547 2320 μετρήσασθαι.

377 2354 650 2439 Videas,
676 2375 875 2442 quam
896 2357 1066 2422 bene
1088 2352 1341 2421 talibus
1367 2352 1601 2421 formis
1626 2374 1859 2420 versus
1885 2350 2305 2436 claudantur,
2332 2373 2548 2440 neque

376 2470 650 2540 dubium
681 2474 802 2556 est,
852 2472 1014 2560 quin
1045 2493 1125 2539 ea
1156 2470 1239 2539 de
1268 2491 1470 2539 causa
1512 2471 1732 2560 poetis
1779 2491 2185 2559 magnopere
2231 2471 2548 2559 acceptae

372 2610 868 2679 nonnumquam
949 2589 1190 2658 activis
1265 2588 1616 2680 praelatae
1683 2588 1822 2657 sint
1898 2586 2091 2655 nulla
2169 2588 2547 2658 sententiae

374 2706 640 2776 ratione
703 2707 908 2775 facta.
1002 2706 1140 2776 Cur
1200 2708 1376 2775 enim
1442 2708 1846 2797 Apollonius
1911 2708 1964 2792 Ι,
2013 2709 2096 2775 83
2160 2709 2381 2796 Λιβύῃ
2444 2711 2545 2775 ἔνι

373 2826 786 2913 ταρχύσαντο
852 2828 925 2893 et
967 2825 1093 2909 IV,
1145 2826 1315 2893 1500
1375 2829 1532 2914 γαίῃ
1593 2827 1650 2893 δ’
1700 2829 1801 2893 ἔνι
1844 2827 2259 2914 ταρχύσαντο
2319 2826 2536 2894 medio

374 2943 559 3013 vocis
605 2944 916 3032 ταρχύειν
978 2966 1139 3012 usus
1201 2950 1303 3012 est
1359 2943 1494 3012 nisi
1539 2945 1622 3011 ob
1667 2943 1858 3011 illam
1922 2943 2234 3012 causam?
2295 2942 2387 3031 (N
2390 2967 2539 3011 onn.
2652 2969 2657 2976 ·

373 3053 468 3129 DJ
506 3060 854 3129 XXXVII
899 3061 1013 3147 963
1063 3061 1184 3129 css,
1231 3060 1355 3143 Ωιι.
1389 3060 1520 3129 Sm.
1553 3061 1679 3147 XI,
1713 3062 1798 3128 65
1846 3064 2149 3150 τρίαιναν
2182 3060 2281 3127 ἐπ’
2317 3063 2548 3148 ἰχθύσι

373 3177 840 3266 νωμήσασθαι)
887 3218 972 3227 -
1014 3178 1198 3248 haud
1260 3178 1464 3246 aliter
1525 3201 1604 3247 ac
1668 3180 1727 3246 si
1770 3179 2005 3247 Latini
2059 3181 2303 3268 poetae
2346 3180 2549 3246 metri

375 3317 580 3365 causa
626 3295 920 3385 perfecti
963 3295 1375 3365 infinitivum
1409 3320 1531 3386 pro
1561 3298 1939 3387 praesentis
1986 3301 2333 3384 usurpant.
2426 3296 2546 3364 Ce-

371 3418 599 3483 terum
658 3413 781 3481 hoc
843 3436 1106 3503 quoque
1168 3414 1592 3484 demonstrat
1649 3415 2051 3484 facultatem
2115 3412 2546 3499 diiudicandi,

372 3530 538 3621 quid
582 3530 860 3599 valeant
922 3530 1115 3600 verbi
1175 3554 1443 3618 genera,
1509 3533 1644 3600 iam
1700 3532 1825 3600 illa
1884 3535 2113 3600 aetate
2174 3531 2545 3601 evanuisse.

369 3648 737 3737 Epicarum
800 3652 1026 3716 autem
1070 3672 1310 3717 vocum
1370 3652 1731 3717 κτεατίσσω
1779 3653 1850 3718 et
1894 3651 2223 3731 σκοπιᾶζω
2285 3649 2550 3717 formae

368 3766 467 3851 Π,
502 3767 630 3834 788
674 3770 1097 3835 κτεατίσσατο
1140 3768 1447 3853 (Theocr.
1482 3774 1689 3835 Πτολ.
1725 3770 1853 3837 105
1901 3769 2133 3837 eodem
2173 3769 2320 3836 loco
2367 3790 2547 3833 κτεα-
2581 3745 2583 3749 ⁸

369 3883 656 3971 τίζεται),
702 3884 798 3968 Π,
832 3884 960 3952 918
994 3886 1380 3967 σκοπιάζετο
1426 3896 1554 3972 νῆα
1587 3886 1894 3971 (Theocr.
1929 3891 2166 3970 Κῶμος
2196 3887 2332 3971 26),
2378 3906 2544 3973 quas

368 4002 785 4070 recentiores
874 4024 1136 4091 quoque
1225 4002 1703 4088 adhibuerunt,
1796 4003 2112 4091 analogia
2185 4004 2547 4073 verborum

369 4117 653 4203 κτᾶομαι
700 4120 774 4185 et
819 4118 1183 4204 σκέπτομαι
1229 4119 1341 4189 vel
1388 4130 1764 4207 σκοποῦμαι
1814 4123 2091 4188 exortae
2138 4122 2316 4187 sunt.
2408 4117 2541 4186 Ve-

367 4241 522 4312 ram
566 4233 852 4323 denique
883 4235 1098 4302 medii
1128 4235 1266 4304 vim
1309 4235 1441 4320 IH,
1481 4237 1653 4304 1032
1701 4238 2073 4324 ὀρύξασθαι
2118 4236 2345 4322 habet,
2394 4259 2543 4304 cum

367 4352 430 4437 Ι,
476 4351 604 4419 375
668 4352 1065 4440 στορέσαντο
1111 4352 1437 4441 explicari
1479 4376 1617 4420 non
1656 4353 1904 4442 possit;
1970 4352 2250 4421 Theocr.
2291 4352 2411 4420 Ὑλ.
2439 4354 2522 4420 33

369 4469 775 4557 στορέσαντο
829 4468 995 4558 „sibi
1044 4471 1500 4542 straverunff.
