3178 5200
370 3618 409 3703 ς
457 3614 560 3683 10.

1643 382 1732 450 28

597 558 679 626 ut
724 559 1220 648 assequeretur,
1286 558 1615 628 nonnulla
1676 560 1888 629 verba
1949 556 2275 649 simplicia
2331 581 2480 627 cum
2523 556 2762 627 dativo

598 675 801 745 locali
863 675 1210 745 coniunxit
1271 677 1539 746 ratione
1584 698 1627 746 a
1670 698 1792 746 sua
1846 676 2060 766 ipsius
2123 676 2501 745 elocutione
2560 676 2765 766 plane

598 793 825 863 aliena
845 793 930 883 1);
978 795 1121 880 ἴημι
1153 794 1300 882 (IV,
1333 794 1441 881 79)
1475 796 1757 862 πάσσειν
1787 794 1937 882 (IV,
1969 792 2125 882 443)
2155 798 2401 862 τείνειν
2442 793 2522 882 (Ι,
2561 794 2764 882 ΙΟΟ9;

597 910 724 995 IV,
773 909 945 999 107),
993 911 1224 1000 φέρειν
1268 911 1417 1000 (IV,
1466 911 1682 1000 1391).
1772 910 1969 980 Talia
2012 932 2370 1000 numquam
2425 914 2585 1001 post
2628 911 2765 980 Ho-

598 1028 767 1096 meri
834 1031 1142 1119 tempora
1205 1050 1248 1096 a
1293 1028 1574 1100 Graecis
1636 1028 1820 1098 dicta
1881 1029 2150 1118 poetica
2210 1050 2353 1097 esse
2420 1026 2765 1098 existima-

598 1146 881 1231 bantur;
947 1145 1032 1213 cf.
1084 1145 1252 1214 Call.
1288 1145 1412 1230 VI,
1448 1146 1608 1214 131:
1671 1148 1855 1233 χᾶτις
1893 1145 2261 1213 Έλειθυίαι
2322 1147 2524 1213 τείνει
2568 1146 2762 1233 χέρα;

600 1262 780 1352 apud
810 1262 1170 1331 Homerum
1215 1265 1493 1331 exstant
1534 1262 1733 1330 huius
1781 1261 1961 1330 modi
2005 1265 2392 1331 structurae
2419 1299 2493 1310 —
2521 1262 2764 1330 Monro

599 1403 662 1469 p.
711 1379 836 1447 139
862 1401 914 1447 s.
964 1419 1045 1431 -
1091 1383 1170 1446 H
1208 1380 1333 1446 187
1401 1378 1607 1467 κυνέῃ
1672 1380 1833 1465 βάλε
1899 1382 1972 1448 et
2037 1385 2102 1446 E
2140 1379 2226 1447 82
2291 1381 2500 1468 πεδίῳ
2568 1378 2763 1465 adem

597 1496 793 1565 verbi
835 1501 1063 1566 autem
1108 1500 1351 1565 τείνειν
1396 1519 1556 1565 usus
1618 1497 1926 1585 sequitur
1981 1518 2176 1564 usum
2220 1497 2581 1565 verborum
2624 1497 2763 1564 Ho-

597 1613 996 1683 mericorum
1038 1615 1356 1682 πετάσσαι
1400 1613 1491 1703 (Δ
1536 1614 1665 1681 523
1708 1625 1887 1701 χεῖρε
1910 1653 1996 1664 -
2020 1612 2335 1701 ἑτάροισι)
2381 1617 2455 1683 et
2500 1612 2764 1702 ὀρέγειν

600 1733 671 1820 (μ
716 1732 845 1800 257
889 1742 1113 1819 χεῖρας
1157 1729 1345 1818 ἐμοὶ).

773 1847 1196 1918 Posteriores
1245 1851 1468 1917 autem
1499 1849 1708 1918 talem
1739 1848 2046 1917 dativum
2076 1870 2112 1917 e
2143 1848 2509 1938 composito
2557 1849 2767 1917 verbo

601 1966 1004 2056 pendentem
1061 1967 1230 2035 bene
1287 1968 1628 2035 noverant
1685 1967 1791 2034 ita
1841 1968 1922 2034 ut
1973 1965 2162 2032 fflam
2225 1968 2642 2036 structuram
2688 1988 2767 2035 eo

601 2106 863 2172 quoque
906 2083 1101 2152 modo
1148 2084 1486 2174 explicare
1530 2085 1829 2173 possent,
1895 2085 1975 2151 ut
2014 2088 2288 2172 poetam
2330 2105 2456 2173 pro
2503 2106 2770 2173 compo-

601 2201 734 2270 sito
805 2224 997 2269 usum
1063 2223 1207 2269 esse
1274 2200 1559 2291 simplici
1625 2202 1834 2269 verbo
1905 2202 2290 2289 acciperent
2306 2223 2322 2286 ς
2390 2200 2566 2269 unde
2634 2200 2773 2270 alia

599 2341 863 2408 quoque
908 2320 1115 2387 verba
1159 2317 1490 2408 simplicia
1548 2321 1954 2407 usurpantes
1999 2321 2273 2387 vetusto
2321 2317 2607 2386 sermoni
2651 2339 2771 2407 ap-

597 2435 1050 2526 propinquare
1081 2435 1209 2504 sibi
1240 2435 1672 2520 videbantur,
1719 2435 1912 2504 velut
1939 2435 2071 2526 Ap.
2105 2435 2203 2519 11,
2232 2435 2362 2503 898
2388 2435 2660 2523 Ἀγκαίῳ
2691 2433 2769 2501 δὲ

598 2558 825 2633 πολεῖς
871 2553 1129 2643 ᾔνησαν
1176 2552 1455 2641 ἑταίρων
1502 2553 1786 2623 verbum
1834 2555 2049 2622 αἰνεῖν
2112 2552 2497 2642 significatu
2542 2574 2769 2621 assen-

596 2671 814 2741 tiendi
856 2693 982 2762 pro
1023 2671 1150 2757 ἑπ-,
1192 2688 1368 2756 συν-,
1417 2682 1754 2739 καταινετν
1780 2671 2029 2761 posuit.
2103 2670 2384 2738 Omnino
2426 2670 2601 2739 enim
2641 2692 2765 2760 pro

595 2811 838 2877 magno
888 2788 1410 2878 compositorum
1451 2811 1818 2878 progressu
1878 2786 2276 2878 simplicium
2330 2810 2489 2856 usus
2539 2790 2767 2857 vetus-

597 2893 769 2975 tatis
817 2907 1102 2997 speciem
1144 2928 1312 2995 prae
1357 2928 1431 2974 se
1475 2906 1621 2975 fert
1665 2929 1812 2975 cum
1858 2905 2037 2995 apud
2079 2904 2249 2974 alios
2294 2907 2553 2994 genteS,
2620 2910 2769 2975 tum

598 3024 778 3113 apud
827 3022 1160 3110 Graecos3
1231 3026 1437 3112 atque
1500 3026 1583 3091 ut
1646 3024 1942 3091 crebrius
2011 3022 2274 3091 easdem
2338 3025 2410 3089 et
2469 3023 2542 3090 in
2602 3024 2766 3091 atti-

597 3141 800 3209 cismo
877 3144 948 3209 et
1020 3141 1094 3208 in
1153 3140 1509 3208 Homerica
1578 3140 1960 3209 imitatione
2035 3141 2216 3208 vires
2291 3162 2763 3228 cognoscamus

599 3262 893 3348 oportet,
939 3258 1044 3325 ita
1088 3255 1461 3326 Schmidius
1495 3257 1731 3342 (Attio.
1757 3258 1860 3324 IV
1884 3281 1947 3347 p.
1973 3257 2125 3340 714)
2169 3258 2352 3324 inter
2395 3257 2767 3326 communia

599 3375 922 3445 atticismi
967 3375 1162 3462 signa
1206 3373 1474 3462 profert
1516 3373 1673 3442 hoc:
1730 3374 1998 3459 „Verba
2041 3373 2371 3463 simplicia
2415 3377 2649 3442 treten
2691 3373 2766 3441 in

599 3492 710 3562 die
751 3490 1189 3561 Funktionen
1234 3514 1369 3560 von
1411 3490 1783 3582 composita
1829 3492 2001 3558 ein“.

772 3608 1047 3677 Pariter
1138 3608 1533 3698 genetivum
1622 3630 1885 3697 quoque
1980 3631 2224 3698 purum
2311 3608 2443 3698 Ap.
2522 3608 2761 3676 Home-

596 3750 745 3795 rum
811 3748 1133 3816 superans
1213 3727 1427 3815 magis
1491 3748 1691 3814 quam
1771 3749 2051 3816 sequens
2130 3713 2436 3795 crebrius
2498 3727 2729 3818 posuit
2745 3732 2764 3792 ε’

595 3845 655 3929 Ι,
705 3844 874 3911 1183
923 3844 1233 3930 φυλλάδα
1278 3846 1626 3930 λειμώνων
1666 3842 1909 3930 φέρονξ
1971 3844 2028 3929 Ι,
2079 3843 2250 3911 1196
2305 3843 2427 3929 τὴν
2472 3842 2762 3932 (ἐλάτην)

778 4083 832 4152 1)
868 4100 917 4137 v.
956 4083 1224 4152 κομίζειν,
1264 4079 1411 4151 quod
1435 4080 1497 4135 L.
1526 4080 1707 4149 affert,
1745 4096 1855 4136 non
1891 4082 1999 4136 huc
2034 4081 2293 4151 pertinet,
2332 4080 2463 4150 quia
2499 4081 2594 4151 IV,
2626 4084 2780 4137 1704·

590 4181 796 4256 (πολλὰ
820 4180 885 4238 δὲ
908 4185 1113 4238 Πυθοῖ
1141 4182 1425 4253 ὑπίσχετο,
1461 4180 1642 4236 πολλὰ
1668 4180 1724 4237 δ’
1747 4180 2053 4253 Ἀμύκλαις,
2090 4180 2269 4237 πολλὰ
2296 4184 2356 4238 δ’
2384 4177 2439 4245 ἐς
2465 4183 2762 4252 Ὀρτυγίην

590 4284 884 4354 ἀπερείσια
922 4286 1077 4353 δῶρα
1114 4284 1421 4355 κομίσσειν)
1460 4282 1631 4338 dativi
1668 4299 1699 4339 e
1735 4283 1902 4339 verbo
1939 4282 2201 4355 ὑπίσχετο
2239 4282 2495 4354 pendent.
