3178 5200
795 614 1274 703 singulares
1320 616 1545 683 autem
1572 612 2059 703 Apolloniique
2102 612 2427 703 propriae
2444 616 2648 683 sunt
2673 609 2881 747 medii

701 731 962 800 formae
1007 732 1168 799 hae.

873 846 930 930 Ι,
979 846 1106 916 369
1152 846 1234 914 ἵν’
1286 843 1363 916 εὖ
1408 847 1767 932 ἀραροίατο
1815 849 2104 933 γόμφοις
2146 845 2511 934 (δούρατα),
2555 844 2676 914 ubi
2719 844 2879 929 ἆρα-

702 966 929 1048 ροίατο
996 963 1292 1051 positum
1357 966 1466 1033 est
1532 963 1765 1032 eadem
1828 962 2106 1031 notione
2173 966 2379 1052 atque
2446 961 2880 1031 Homericum

700 1081 975 1165 ἧραρον,
1048 1101 1218 1168 quae
1261 1079 1484 1148 forma
1542 1103 1689 1147 cum
1752 1080 2148 1169 plerumque
2190 1078 2666 1162 transitivum,
2725 1080 2877 1147 tum

699 1197 741 1262 δ
785 1197 934 1279 777,
997 1195 1094 1279 Π,
1142 1196 1273 1263 214
1332 1197 1850 1265 intransitivum
1910 1197 2115 1264 habet
2178 1218 2467 1280 sensum,
2531 1216 2704 1282 quae
2762 1216 2877 1263 res

695 1311 1136 1400 Apollonium
1179 1311 1439 1399 fugisse
1486 1313 1780 1381 videtur.
1870 1312 2076 1382 Cuius
2122 1311 2315 1382 verbi
2348 1311 2570 1380 forma
2601 1313 2879 1400 ἠρήρειν

697 1427 822 1513 IV,
839 1428 970 1494 947
991 1429 1206 1497 tertia
1225 1450 1519 1518 persona
1539 1428 1831 1518 pluralis
1857 1432 1983 1512 est,
2006 1431 2088 1497 ut
2110 1428 2204 1514 11,
2221 1429 2306 1496 65
2329 1427 2538 1516 ᾔδειν,
2559 1427 2684 1512 IV,
2700 1426 2878 1495 1700

698 1545 964 1629 ἠείδειν.
1032 1545 1184 1628 Qua
1212 1549 1442 1614 autem
1473 1546 1584 1613 via
1614 1545 1747 1635 Ap.
1779 1546 1868 1614 ad
1895 1545 2018 1614 has
2050 1546 2304 1614 formas
2333 1545 2680 1615 novandas
2709 1568 2863 1635 pro·

697 1685 970 1750 gressus
1015 1663 1128 1748 sit,
1190 1663 1450 1749 nescio;
1516 1663 1751 1752 quales
1796 1663 1985 1731 nullo
2029 1663 2543 1751 inscriptionum
2588 1662 2700 1732 vel
2741 1685 2862 1752 pa-

693 1803 1023 1870 pyrorum
1067 1781 1459 1849 testimonio
1521 1781 1715 1849 nobis
1784 1780 2088 1849 traditae
2150 1782 2331 1866 sunt,
2398 1802 2615 1870 neque
2659 1780 2873 1849 ullam

696 1897 772 1965 in
802 1897 1082 1965 Homeri
1126 1896 1530 1966 carminibus
1575 1896 1960 1986 analogiam
2004 1898 2274 1966 habent.
2364 1897 2518 1965 Nisi
2560 1897 2688 1967 hoc
2729 1916 2876 1967 cre-

697 2013 950 2082 dideris
996 2013 1434 2102 Apollonium
1479 2014 1678 2083 velut
1736 2014 2129 2103 imperfecti
2171 2013 2455 2101 primam
2501 2014 2874 2102 singularis

697 2135 770 2200 et
815 2131 1097 2199 tertiam
1153 2130 1442 2219 pluralis
1509 2153 1712 2220 pares
1775 2153 1924 2201 esse
1969 2130 2245 2214 viderit,
2309 2131 2407 2199 sic
2469 2130 2666 2200 verbi
2723 2127 2876 2199 οἶδα

694 2247 1080 2338 imperfecti
1109 2248 1393 2317 tertiam
1420 2248 1711 2338 pluralis
1742 2248 2002 2337 primae
2036 2247 2399 2336 singularis
2424 2248 2616 2335 ᾔδειν
2640 2270 2873 2337 parem

695 2364 1093 2433 reddidisse.
1184 2364 1486 2433 Similem
1544 2388 1691 2434 rem
1746 2365 1820 2432 in
1876 2364 2168 2434 dialecto
2232 2364 2563 2455 Delphica
2622 2364 2877 2434 factam

697 2505 842 2551 esse
888 2481 1119 2550 docuit
1148 2481 1438 2550 Valaori
1461 2482 1527 2570 ¹),
1576 2481 1691 2549 ubi
1737 2482 1953 2550 tertia
1997 2480 2282 2570 pluralis
2332 2481 2628 2570 optativi
2673 2503 2876 2572 saepe

695 2600 770 2669 in
832 2625 964 2670 -ow
1027 2599 1299 2668 desinit.
1389 2599 1489 2671 Ut
1543 2599 1762 2689 igitur
1822 2625 1925 2679 οις
1988 2625 2055 2667 οι
2115 2624 2306 2686 οιμεν
2368 2624 2502 2668 οιτε
2566 2626 2702 2670 -οιν
2777 2599 2876 2670 sic

696 2741 791 2797 εις
836 2742 894 2784 ει
939 2741 1123 2803 ειμεν
1169 2742 1299 2785 ειτε
1345 2742 1473 2784 -ειν
1519 2717 1707 2785 inter
1752 2739 1825 2785 se
1870 2717 2249 2786 cohaerent.

469 2827 508 2911 ἓ
553 2826 613 2893 7·
871 2833 1187 2923 Singulas
1248 2836 1333 2902 ab
1385 2833 1762 2902 Homericis
1821 2833 2216 2902 recedentes
2279 2832 2534 2901 formas
2597 2832 2657 2902 si
2715 2855 2868 2923 per-

697 2955 1099 3036 scrutamur,
1135 2972 1300 3039 quas
1328 2950 1591 3019 omnino
1615 2950 1957 3019 Rzachius
1988 2951 2123 3018 iam
2152 2950 2513 3035 tractavit,
2547 2952 2870 3042 exemplis

695 3068 888 3157 quasi
918 3067 1197 3137 delectis
1229 3069 1542 3156 cognosci
1570 3070 1825 3156 potest,
1872 3089 2044 3156 quae
2072 3067 2256 3136 inter
2286 3067 2566 3137 Homeri
2609 3091 2871 3136 eorum-

694 3207 845 3276 que,
908 3185 1025 3274 qui
1069 3208 1220 3252 eum
1264 3187 1642 3267 sectantur,
1709 3184 2158 3253 elocutionem
2218 3183 2402 3253 ratio
2465 3184 2866 3255 intercedat.

693 3302 799 3370 Ac
863 3303 1152 3391 primum
1214 3301 1481 3389 quidem
1536 3301 1766 3390 epicae
1827 3300 2230 3370 elocutionis
2290 3301 2709 3371 auctoritate
2754 3302 2872 3372 ad-

694 3420 980 3488 strictus
1042 3417 1372 3485 formavit
1418 3416 1847 3506 Apollonius,
1912 3417 2283 3485 Homerum
2342 3416 2669 3487 imitando
2731 3418 2870 3489 Ho-

691 3559 951 3606 merum
1015 3535 1366 3621 excedens,
1433 3537 1693 3601 ἔλειπτο
1757 3534 1815 3620 Ι,
1862 3536 1966 3619 45,
2013 3534 2165 3618 824,
2212 3534 2336 3619 IV,
2386 3535 2559 3604 1244
2619 3535 2870 3625 (ἔδεκτο

693 3654 914 3741 Ηοιιι.)
960 3655 1032 3720 et
1060 3649 1319 3738 recepit
1352 3673 1436 3716 ex
1480 3649 1977 3718 recentioribus
2008 3649 2271 3739 poetis:
2319 3653 2549 3736 ἔγεντο
2577 3650 2635 3735 Ι,
2663 3651 2864 3742 1141,

689 3769 814 3853 IV,
865 3768 1035 3836 1427
1080 3768 1266 3856 (Hes.
1315 3765 1413 3834 th.
1464 3765 1610 3846 199,
1659 3766 1846 3854 705),
1919 3767 2166 3853 ἑστηώς
2228 3769 2469 3835 crebro
2536 3767 2719 3852 (Hes.
2766 3768 2864 3838 th.

690 3887 844 3975 519)
863 3912 877 3973 ;
957 3887 1328 3970 δεδαῆσθαι
1393 3883 1485 3968 II,
1537 3883 1709 3950 1154
1776 3883 1865 3971 (ιι.
1927 3884 2130 3951 Merc.
2198 3884 2327 3951 483
2396 3883 2865 3972 δεδαημένος),

689 4010 996 4086 ζείουσαν
1055 4002 1111 4087 Ι,
1159 4002 1289 4069 734
1334 3999 1547 4090 (Call.s
1581 4001 1721 4086 HI,
1753 4001 1840 4068 60
1885 3999 2196 4088 ζείοντα),
2259 4000 2678 4087 μεμορμένον
2735 4002 2866 4088 IV,

690 4121 856 4190 1131
890 4119 1087 4209 (Lyc.
1105 4119 1265 4205 4303
1312 4122 1552 4208 postea
1581 4117 1800 4186 forma
1832 4120 1988 4186 erat
2021 4116 2355 4205 vulgaris)
2369 4141 2385 4204 ;
2420 4117 2661 4189 deinde
2703 4118 2869 4190 coti-

869 4375 926 4448 1)
961 4374 1077 4430 Der
1112 4373 1448 4445 Delphische
1484 4370 1730 4441 Dialekt,
1769 4371 1938 4448 l9013
1974 4385 2030 4442 p.
2055 4371 2154 4442 64.
