3178 5200
1810 412 1899 481 50

767 597 812 659 a
858 591 1142 676 γατὸμος·
1204 586 1521 657 derivata
1577 584 1841 674 tragico
1902 584 2214 669 sermoni,
2274 606 2358 653 ex
2401 606 2538 673 quo
2588 582 2966 655 hauriebat

765 705 1143 796 Lycophro,
1188 708 1359 774 bene
1387 703 1790 794 respondet:
1837 706 2123 789 γατόμος
2167 706 2511 772 servatum
2562 705 2686 771 est
2718 697 2976 771 Aesch..

761 822 853 892 fr.
905 823 1052 908 196,
1096 824 1138 890 3
1196 822 1278 891 ἵν’
1328 821 1462 891 οὔτ’
1514 823 1803 909 ἄροτρον
1861 821 2015 888 οὔτε
2061 823 2348 907 γατόμος
2407 818 2642 906 τέμνει
2718 817 2966 885 &cuam

763 942 1080 1028 ἄρουραν.
1167 938 1552 1008 Dorismum
1588 936 1809 1027 igitur
1836 937 1946 1006 hie
1976 934 2250 1006 admisit
2279 938 2503 1026 poeta,
2538 953 2967 1025 quamquam

761 1056 1075 1126 universe
1131 1055 1637 1125 accuratissime
1699 1053 2015 1123 evitavit.
2128 1052 2457 1122 Fortasse
2516 1055 2771 1122 autem
2819 1050 2964 1148 ‘huc

760 1172 1124 1244 referenda
1169 1176 1278 1243 est
1330 1196 1467 1243 vox
1510 1173 1904 1259 ἀμεύσιμον,
1966 1190 2163 1261 quam
2207 1168 2622 1240 Ruhnkenio
2667 1170 2963 1240 ‘auctore

761 1293 1162 1380 receperunt
1237 1289 1535 1359 editores
1608 1289 1734 1373 IV,
1780 1289 1911 1358 297
1986 1288 2117 1376 ὅπῃ
2189 1287 2299 1356 καὶ
2373 1287 2766 1375 ἀμεύσιμον
2846 1281 2962 1370 ἦεν

760 1430 888 1498 pro
954 1407 1101 1476 edd.
1168 1406 1514 1496 scriptura
1583 1407 1714 1494 ὅπῃ
1778 1405 1888 1473 καὶ
1955 1408 2287 1491 μόρσιμον
2348 1401 2485 1491 ἦεν,
2562 1427 2656 1473 ex
2720 1403 2959 1492 Etym.

760 1523 997 1613 Mgno;
1045 1523 1225 1613 quod
1271 1523 1331 1592 si
1373 1525 1648 1592 rectum·
1675 1525 1797 1607 est,
1846 1522 2162 1611 congruit
2202 1545 2334 1591 vox
2379 1543 2528 1591 cum
2555 1518 2956 1589 Pindaricis

762 1641 1036 1728 ἀμεύειν
1054 1640 1105 1726 ¹)
1178 1639 1388 1728 Pyth.
1448 1639 1515 1723 Ι,
1560 1641 1648 1708 86
1723 1642 1795 1707 et
1864 1640 2312 1726 ἆμευσίπορος
2383 1638 2595 1727 Pyth.
2658 1637 2804 1722 XI,
2849 1635 2951 1704 58.

761 1757 961 1843 Quod
1025 1759 1254 1826 autem
1318 1756 1376 1841 I,
1423 1757 1572 1841 820,
1637 1756 1842 1838 1001;
1905 1756 2031 1842 lv,
2079 1756 2207 1824 164
2274 1758 2489 1824 εἰσόκε
2556 1776 2715 1824 cum
2781 1752 2951 1822 indi-

765 1872 991 1942 cativo
1065 1873 1492 1942 coniunctum
1565 1876 1828 1957 exstat,
1916 1873 2097 1941 haud
2171 1872 2377 1942 aliter
2451 1875 2664 1960 atque
2736 1872 2950 1938 εἰσότε

768 1989 864 2075 Π,
905 1991 1053 2074 857,
1101 1990 1228 2074 IV,
1275 1990 1423 2074 800,
1475 1990 1664 2058 1212.
1752 1989 2192 2079 Apollonium
2236 1992 2466 2059 autem
2506 2012 2646 2058 non
2694 1988 2785 2057 de
2831 2006 2948 2055 suc

766 2106 940 2176 hanc
1002 2105 1459 2175 confusionem
1519 2106 1839 2191 effecisse,
1911 2105 2030 2175 sed
2076 2106 2558 2177 Callimachum
2621 2105 2779 2195 (IV,
2823 2101 2946 2172 150

763 2225 979 2290 εἰσόκε
1015 2222 1343 2308 ἐκέκλετο)
1389 2225 1691 2292 secutum
1735 2245 1877 2291 esse
1914 2222 2285 2292 verisimile
2316 2226 2424 2292 est
2440 2245 2454 2308 ;
2502 2245 2705 2312 quem
2750 2241 2941 2290 usum

763 2339 1337 2410 Wilamowitzius
1369 2339 1498 2429 (ed.
1530 2338 1749 2429 praef.
1786 2362 1851 2430 p.
1884 2341 1928 2408 8
1957 2338 2137 2427 adn.)
2181 2339 2349 2410 dicit
2378 2339 2677 2409 confusis
2712 2338 2941 2408 dorico

764 2457 884 2523 ὅκα
932 2472 1009 2514 ‘-=
1061 2457 1168 2524 ὅτε
1214 2459 1286 2525 et
1314 2457 1669 2526 Homerico
1718 2457 1828 2524 ὅκε
1874 2487 1956 2514 =
2004 2456 2041 2524 ὃ
2086 2458 2171 2524 ἄν
2217 2487 2299 2515 =
2349 2457 2385 2523 ὅ
2429 2482 2512 2524 κα
2561 2455 2932 2526 exstitisse.

935 2631 1099 2702 Alia
1127 2632 1369 2701 deinde
1398 2632 1836 2723 Apollonium
1865 2632 2301 2722 Lycophroni
2331 2633 2576 2702 debere
2606 2633 2931 2702 videmus.

763 2751 1038 2837 ὃωμάωε
1116 2751 1224 2836 ΙΙ,
1270 2751 1394 2818 531
1475 2752 1897 2837 δωμήσαντες
1969 2753 2231 2836 βωμόν,
2324 2749 2493 2837 Lyc.
2556 2748 2685 2818 719
2761 2731 2932 2835 σῆμα

763 2870 1218 2954 ὃωμήσαντες;
1289 2865 1483 2955 (med.
1530 2867 1650 2953 48;
1697 2867 1862 2952 593;
1911 2866 2127 2955 1272).
2217 2866 2508 2935 Praeter
2564 2866 2688 2935 hos
2752 2865 2930 2935 locos

761 2965 934 3053 unus
1000 2986 1269 3052 tantum
1332 2983 1680 3054 invenitur
1723 2982 1811 3051 A.
1834 2982 1911 3051 P.
1953 2983 2077 3070 XI,
2109 2984 2241 3051 400
2285 2986 2696 3051 Λουκίλλουε
2768 2983 2932 3068 νηὸν

763 3103 965 3191 ἐχρῆν
1026 3141 1113 3152 -
1174 3103 1634 3188 δωμήσασθαι.
1756 3100 2274 3190 Lycophronem
2337 3100 2708 3185 invenisse,
2800 3119 2932 3167 non

764 3220 1041 3288 finxisse
1059 3219 1107 3305 ²)
1167 3218 1297 3286 hoc
1354 3220 1638 3287 verbum
1698 3239 1779 3286 ea
1839 3217 1923 3286 de
1991 3238 2196 3286 causa
2257 3216 2685 3301 crediderim,
2757 3211 2931 3306 quod

765 3334 1148 3425 Hesychius
1242 3336 1534 3422 δώμησις
1624 3338 1696 3403 et
1786 3336 2121 3420 δωμητύς,
2213 3337 2515 3404 veterem
2603 3333 2932 3423 quandam

764 3453 1053 3521 formam
1117 3437 1432 3537 ienicam‚
1508 3454 1737 3521 affert.
1856 3451 2135 3539 Itaque,
2201 3457 2279 3519 ut
2338 3451 2521 3520 inter
2593 3474 2663 3520 se
2736 3451 2930 3537 νέμω,

763 3573 971 3657 νομή,
1034 3573 1275 3656 νόμος,
1343 3580 1575 3656 νωμᾶν
1638 3569 2024 3650 cohaerent,
2096 3568 2191 3636 sic
2253 3567 2429 3654 δέμω
2486 3569 2598 3658 (Ψ
2638 3568 2801 3655 192;
2867 3565 2928 3632 h.

622 3761 625 3764 ,
763 3686 968 3757 Merc.
1000 3689 1104 3773 87,
1141 3685 1312 3775 188),
1363 3689 1535 3773 δομή
1594 3686 1785 3775 (Lyc.
1836 3694 1907 3754 et
1950 3685 2082 3773 Ap.
2131 3707 2258 3775 pro
2305 3685 2506 3772 δέμας
2549 3684 2682 3771 ΠΙ,
2717 3681 2927 3770 1395),

944 4004 995 4072 1)
1034 4001 1106 4072 11,
1151 4003 1286 4058 1030
1346 4017 1447 4070 pro
1505 4000 1864 4057 Laurentiani
1925 3998 2103 4055 forma
2162 3997 2612 4071 παραμισόμενοι
2662 3998 2927 4071 Bergkius

762 4102 997 4166 coniecit
1031 4101 1544 4174 παραμενσάμενοι.

940 4206 997 4277 2)
1037 4203 1201 4261 aliter
1256 4210 1424 4273 atque
1472 4203 1778 4276 Aeschylus
1792 4246 1805 4273 ,
1871 4203 1965 4273 qui
2022 4203 2096 4261 ad
2152 4206 2311 4276 δῶμα
2372 4203 2593 4260 novavit
2647 4198 2930 4275 δωματόω,

763 4304 950 4377 Suppl.
992 4308 1098 4362 958
1135 4304 1543 4376 δεδωμάτωμαι
1581 4306 1633 4361 δ’
1672 4302 1795 4360 οὐδ’
1834 4300 1938 4375 ἐγὼ
1980 4311 2185 4380 σμικρᾷ
2219 4306 2353 4378 χερί.
